Date,Revenue,COGS,Operating_Expenses,Marketing_Expenses,Administrative_Expenses,RD_Expenses,Gross_Profit,Operating_Profit,Net_Profit,Gross_Profit_Margin,Operating_Profit_Margin,Net_Profit_Margin,Customer_Segment,Product_Service,Department_Business_Unit
2020-01,106181.02,30763.27,21817.57,9790.89,10427.34,5885.9,75417.75,27496.04,22841.73,0.71,0.26,0.22,Prime Members,Electronics,Sales
2020-01,192607.15,29167.28,24917.03,8678.2,4241.02,8496.04,163439.87,117107.57,114006.13,0.85,0.61,0.59,International Customers,Amazon Prime Video,Sales
2020-01,159799.09,11025.68,11261.7,5746.4,13341.13,2125.8,148773.41,116298.38,112398.74,0.93,0.73,0.7,Business Customers,Amazon Web Services (AWS),AWS
2020-01,139798.77,23649.91,20621.85,2084.04,9970.51,2168.05,116148.86,81304.41,78560.22,0.83,0.58,0.56,Non-Prime Members,Amazon Prime Video,Marketing
2020-01,73402.8,25207.82,19293.65,8451.11,4043.65,6011.37,48194.97,10395.2,6875.06,0.66,0.14,0.09,Prime Members,Electronics,Sales
2020-01,73399.18,25952.91,25820.76,5713.14,14510.39,9517.41,47446.27,-8115.43,-10477.74,0.65,-0.11,-0.14,Prime Members,Electronics,Sales
2020-01,58712.54,33206.89,27652.18,11549.91,8738.75,4734.98,25505.65,-27170.17,-29374.8,0.43,-0.46,-0.5,Business Customers,Amazon Web Services (AWS),AWS
2020-01,179926.42,31344.1,5303.92,2311.3,2947.68,3942.48,148582.32,134076.94,130764.02,0.83,0.75,0.73,Business Customers,Amazon Web Services (AWS),Sales
2020-01,140167.25,34316.2,21850.5,9602.76,10148.83,6460.2,105851.05,57788.76,54796.24,0.76,0.41,0.39,International Customers,Amazon Prime Video,Sales
2020-01,156210.89,40595.33,6295.89,14239.17,5291.59,9374.04,115615.56,80414.87,77096.73,0.74,0.51,0.49,Prime Members,Electronics,Sales
2020-01,53087.67,42519.43,18721.47,4267.32,12448.01,8532.35,10568.24,-33400.91,-35547.55,0.2,-0.63,-0.67,International Customers,Amazon Prime Video,Sales
2020-01,195486.48,38724.92,12190.82,8131.44,12631.69,9959.35,156761.55,113848.25,111380.42,0.8,0.58,0.57,Prime Members,Electronics,Marketing
2020-01,174866.4,48220.95,12669.41,3188.49,14726.32,1203.12,126645.45,94858.11,93522.52,0.72,0.54,0.53,Prime Members,Electronics,Sales
2020-01,81850.87,10729.3,13823.96,10133.86,8524.3,2015.72,71121.56,36623.71,35414.6,0.87,0.45,0.43,Non-Prime Members,Amazon Prime Video,Sales
2020-01,77273.75,17831.12,20532.31,9156.91,7914.44,6485.21,59442.63,15353.75,13339.92,0.77,0.2,0.17,Business Customers,Amazon Web Services (AWS),Sales
2020-01,77510.68,10302.52,13351.25,7295.75,11795.18,8385.19,67208.16,26380.79,25083.8,0.87,0.34,0.32,Prime Members,Electronics,Sales
2020-01,95636.34,35898.99,23317.48,8777.9,3722.12,3567.2,59737.35,20352.65,18937.55,0.62,0.21,0.2,International Customers,Amazon Prime Video,Operations
2020-01,128713.46,45921.22,15113.18,13655.47,9109.9,3152.9,82792.24,41760.79,37509.07,0.64,0.32,0.29,Business Customers,Amazon Web Services (AWS),AWS
2020-01,114791.75,19739.29,6708.83,4551.83,9101.22,8082.78,95052.46,66607.8,65452.31,0.83,0.58,0.57,International Customers,Amazon Prime Video,Operations
2020-01,93684.37,47081.38,24594,2293.34,3163.15,1507.44,46602.99,15045.07,11409.3,0.5,0.16,0.12,Business Customers,Amazon Web Services (AWS),AWS
2020-01,141777.93,12410.7,12143.96,13201.64,7433.79,4324.44,129367.24,92263.4,90173.17,0.91,0.65,0.64,Business Customers,Amazon Web Services (AWS),AWS
2020-01,70924.08,47377.44,15819.17,9502.52,13092.7,5552.28,23546.64,-20420.04,-24906.22,0.33,-0.29,-0.35,Prime Members,Electronics,Marketing
2020-01,93821.7,24064.91,22136.1,13578.56,13130,6043.14,69756.79,14869,11929.03,0.74,0.16,0.13,Non-Prime Members,Amazon Prime Video,Sales
2020-01,104954.28,14056.83,13311.4,9760.29,3290.09,7557.54,90897.44,56978.13,54755.82,0.87,0.54,0.52,Prime Members,Electronics,Sales
2020-01,118410.5,29434.87,6414.64,12532.09,3179.37,4193.61,88975.63,62655.91,59585.35,0.75,0.53,0.5,Business Customers,Amazon Web Services (AWS),Sales
2020-01,167776.39,20271.06,14348.03,7585.75,5415.04,6514.16,147505.33,113642.35,111114.52,0.88,0.68,0.66,Prime Members,Electronics,Sales
2020-01,79951.07,21394.92,28611.21,11748.18,13371.96,6268.38,58556.15,-1443.58,-4700.78,0.73,-0.02,-0.06,Prime Members,Electronics,Marketing
2020-01,127135.17,22291.6,21043.36,13869.54,3675.73,5928.54,104843.57,60326.39,58868.26,0.82,0.47,0.46,Business Customers,Amazon Web Services (AWS),AWS
2020-01,138862.19,42121.04,21786.98,9437.6,11359.96,6764.35,96741.15,47392.26,42404.3,0.7,0.34,0.31,Business Customers,Amazon Web Services (AWS),Sales
2020-01,56967.56,31566.45,20807.05,4350.21,3315.15,3335.04,25401.11,-6406.35,-9108.57,0.45,-0.11,-0.16,Prime Members,Electronics,Sales
2020-01,141131.73,22452.31,9974.8,5494.37,10100.79,1761.84,118679.42,91347.62,88954.69,0.84,0.65,0.63,Prime Members,Electronics,Sales
2020-02,75578.62,34413.35,15458.35,4582.38,6628.87,2073.45,41165.27,12422.22,8581.38,0.54,0.16,0.11,Prime Members,Electronics,Marketing
2020-02,59757.74,38646.03,23773.49,5209.14,12255.88,3021.24,21111.71,-23148.05,-25603.64,0.35,-0.39,-0.43,International Customers,Amazon Prime Video,Sales
2020-02,192332.83,20904.96,7534.32,5983.4,5037.98,5501.78,171427.87,147370.39,143037.29,0.89,0.77,0.74,Prime Members,Electronics,Marketing
2020-02,194844.81,26541.96,11946.32,9216.74,10309.62,8563.98,168302.84,128266.17,125449.09,0.86,0.66,0.64,International Customers,Amazon Prime Video,Operations
2020-02,171259.6,14875.44,11907.98,9643.89,5063.87,7311.64,156384.16,122456.78,118578.54,0.91,0.72,0.69,Non-Prime Members,Amazon Prime Video,Marketing
2020-02,95692.07,17245.97,15800.47,7544.5,11277.58,8101.37,78446.09,35722.17,34292.36,0.82,0.37,0.36,International Customers,Amazon Prime Video,Sales
2020-02,64650.82,37244.71,29509.22,10000.47,13357.81,4158.78,27406.1,-29620.18,-34004.66,0.42,-0.46,-0.53,Prime Members,Electronics,Sales
2020-02,152634.95,17257.53,6687.56,3060.47,3648.42,4641.88,135377.42,117339.08,113396.2,0.89,0.77,0.74,Non-Prime Members,Amazon Prime Video,Sales
2020-02,116022.87,31006.54,17967.52,3141.25,13265.74,4543.14,85016.34,46098.69,44251.82,0.73,0.4,0.38,International Customers,Amazon Prime Video,Operations
2020-02,68305.74,38361.85,9484.12,4233.78,9716.48,2726.86,29943.88,3782.65,2201.5,0.44,0.06,0.03,International Customers,Amazon Prime Video,Operations
2020-02,124276.54,14275.08,29266.91,8735.01,3652.44,1550.95,110001.46,66796.15,64530.98,0.89,0.54,0.52,Business Customers,Amazon Web Services (AWS),Sales
2020-02,55158.28,32692.49,7832.59,4781.93,7558.04,6318.24,22465.79,-4025.02,-8929.3,0.41,-0.07,-0.16,Non-Prime Members,Amazon Prime Video,Sales
2020-02,186398.06,20262.51,15090.03,5682.7,4091.18,9902.95,166135.55,131368.69,129341.37,0.89,0.7,0.69,Business Customers,Amazon Web Services (AWS),Sales
2020-02,88817,48517.08,23447.12,7204.07,11104.52,2501.47,40299.92,-3957.26,-6781.77,0.45,-0.04,-0.08,Non-Prime Members,Amazon Prime Video,Sales
2020-02,149378.34,29341.83,22613.86,12554.26,11865.29,1420.16,120036.52,71582.95,70462.87,0.8,0.48,0.47,International Customers,Amazon Prime Video,Sales
2020-02,96756.66,42239.7,15568.22,2180.21,3375.35,8015.79,54516.96,25377.4,22788.49,0.56,0.26,0.24,Business Customers,Amazon Web Services (AWS),AWS
2020-02,128010.2,32009.06,13663.1,10441.92,8579.82,3273.27,96001.14,60043.02,56757.74,0.75,0.47,0.44,Prime Members,Electronics,Sales
2020-02,132006.54,11736.5,14940.31,10695.39,12590.13,8466.79,120270.04,73577.42,68764.92,0.91,0.56,0.52,International Customers,Amazon Prime Video,Sales
2020-02,77728.17,35326.06,11606.91,12382.53,14170.12,7335.43,42402.11,-3092.87,-6159.81,0.55,-0.04,-0.08,Non-Prime Members,Amazon Prime Video,Sales
2020-02,195437.69,48056.13,10133.32,14125.79,8675.73,9511.06,147381.56,104935.65,100659.23,0.75,0.54,0.52,Non-Prime Members,Amazon Prime Video,Sales
2020-02,166269.92,34064.47,17075.99,2261.79,14353.63,4680.35,132205.45,93833.69,90645.18,0.8,0.56,0.55,Business Customers,Amazon Web Services (AWS),AWS
2020-02,190924.84,42767.55,11713.34,3999.19,8963.96,6957.73,148157.29,116523.07,115359.93,0.78,0.61,0.6,Business Customers,Amazon Web Services (AWS),Sales
2020-02,184224.1,45368.26,12186.54,13520.23,7124.48,5183.69,138855.84,100840.91,98580.87,0.75,0.55,0.54,Non-Prime Members,Amazon Prime Video,Sales
2020-02,139685,19123.19,21418.9,7960.74,13026.64,6675.3,120561.81,71480.22,68178.03,0.86,0.51,0.49,International Customers,Amazon Prime Video,Sales
2020-02,188281.14,18481.79,29213.43,9339.68,8408.78,5046.39,169799.34,117791.06,112988.69,0.9,0.63,0.6,Business Customers,Amazon Web Services (AWS),Sales
2020-02,63273.88,34439.24,20090.93,10619.35,8134.73,2697.69,28834.64,-12708.07,-17144.59,0.46,-0.2,-0.27,Prime Members,Electronics,Marketing
2020-02,79397.43,26441.14,6924.49,10827.87,8374.06,5571.08,52956.29,21258.8,19345.38,0.67,0.27,0.24,Non-Prime Members,Amazon Prime Video,Marketing
2020-02,56784.09,43594.45,6889.59,14112.63,13008.21,5757.26,13189.64,-26578.04,-28458.48,0.23,-0.47,-0.5,Prime Members,Electronics,Marketing
2020-03,98799.55,46000.92,28785.58,14960.34,12815.24,8295.43,52798.62,-12057.97,-13862.66,0.53,-0.12,-0.14,Non-Prime Members,Amazon Prime Video,Sales
2020-03,108301.59,24136.86,12432.27,11362.05,7245.76,7619.69,84164.74,45504.98,40814.98,0.78,0.42,0.38,Prime Members,Electronics,Marketing
2020-03,90702.35,19474.82,7301.67,5733.88,6332.9,6974.12,71227.53,44884.96,40474.29,0.79,0.49,0.45,International Customers,Amazon Prime Video,Operations
2020-03,174310.63,41221.02,19976.11,13436.78,8395.06,2020.48,133089.61,89261.16,85161.63,0.76,0.51,0.49,Non-Prime Members,Amazon Prime Video,Marketing
2020-03,103513,20992.24,20591.22,2639.87,9446.04,7485.55,82520.76,42358.08,39787.14,0.8,0.41,0.38,International Customers,Amazon Prime Video,Operations
2020-03,92140.18,42904.57,21212.62,5004.05,5098.38,5502.75,49235.6,12417.8,9400.28,0.53,0.13,0.1,Business Customers,Amazon Web Services (AWS),AWS
2020-03,131404.41,26949.53,11685.05,13666.01,12321.42,9046.9,104454.88,57735.51,54878.18,0.79,0.44,0.42,Non-Prime Members,Amazon Prime Video,Marketing
2020-03,71138.63,36702,5377.77,5330.49,8324.28,9278.84,34436.64,6125.27,4111.67,0.48,0.09,0.06,International Customers,Amazon Prime Video,Operations
2020-03,170329.55,13821.41,29125.38,4868.46,6342.59,1496.41,156508.13,114675.29,111655.17,0.92,0.67,0.66,Prime Members,Electronics,Marketing
2020-03,61182.6,34954.37,11272.33,3795.63,3388.67,8385.77,26228.22,-614.18,-1736.16,0.43,-0.01,-0.03,International Customers,Amazon Prime Video,Operations
2020-03,198033.04,28070.71,21900.66,13168.45,5104.99,1339.28,169962.33,128448.96,126921.72,0.86,0.65,0.64,Non-Prime Members,Amazon Prime Video,Sales
2020-03,165836.72,33464.34,22665.75,8500.76,14340.66,4304.53,132372.38,82560.69,78014.33,0.8,0.5,0.47,International Customers,Amazon Prime Video,Operations
2020-03,79807.35,16720.57,20250.19,10773.61,5966.3,5880.7,63086.78,20215.99,16209.27,0.79,0.25,0.2,Prime Members,Electronics,Marketing
2020-03,50828.32,39474.95,12822.68,5107.86,4195.17,2332.91,11353.37,-13105.26,-15796.73,0.22,-0.26,-0.31,Prime Members,Electronics,Marketing
2020-03,172319.21,44511.88,11777.41,11854.53,7988.75,7716.82,127807.33,88469.83,85401.23,0.74,0.51,0.5,Prime Members,Electronics,Sales
2020-03,156028.6,18669.59,19941.71,11880.07,5992.14,1075.19,137359.01,98469.9,95989.9,0.88,0.63,0.62,Business Customers,Amazon Web Services (AWS),Sales
2020-03,159351.08,13828.58,26652.39,6063.77,2457.07,2517.39,145522.49,107831.87,103868.75,0.91,0.68,0.65,Non-Prime Members,Amazon Prime Video,Marketing
2020-03,165690.55,10945.54,28668.34,7338.87,6200.89,6227.17,154745.01,106309.73,102172.98,0.93,0.64,0.62,Prime Members,Electronics,Sales
2020-03,61106.7,35678.86,7647.65,4725.97,9073.41,7429.49,25427.84,-3448.68,-7501.82,0.42,-0.06,-0.12,Business Customers,Amazon Web Services (AWS),Sales
2020-03,103769.86,34283.76,8870.72,14695.29,9172.26,9249.79,69486.1,27498.04,23607.59,0.67,0.26,0.23,Prime Members,Electronics,Sales
2020-03,67380.36,31867.9,28618.41,10392.83,6635.27,7349.47,35512.46,-17483.51,-19301.53,0.53,-0.26,-0.29,International Customers,Amazon Prime Video,Sales
2020-03,179465.51,19277.88,23413.38,14149.07,7814.94,7046.01,160187.63,107764.23,105412.35,0.89,0.6,0.59,Non-Prime Members,Amazon Prime Video,Marketing
2020-03,143494.72,25636.24,27074.85,5944.01,14551.73,4549.07,117858.48,65738.82,62859.44,0.82,0.46,0.44,International Customers,Amazon Prime Video,Operations
2020-03,99634.7,33779.05,10065.82,12164.58,6905.53,1011.56,65855.65,35708.16,33384.99,0.66,0.36,0.34,Business Customers,Amazon Web Services (AWS),AWS
2020-03,59533.75,29870.67,19689.65,11956.16,5356.95,2081.43,29663.08,-9421.11,-13440.87,0.5,-0.16,-0.23,International Customers,Amazon Prime Video,Sales
2020-03,96647.35,49511.42,22528.49,10991.52,5165.07,5810.99,47135.93,2639.85,322.44,0.49,0.03,0,International Customers,Amazon Prime Video,Operations
2020-03,98777.5,15457.59,22002.8,14553.31,7950.94,7076.17,83319.91,31736.7,30183.77,0.84,0.32,0.31,Prime Members,Electronics,Sales
2020-03,159440.93,37805.78,15203.79,7116.22,11873.76,4757.03,121635.14,82684.34,80088.17,0.76,0.52,0.5,International Customers,Amazon Prime Video,Sales
2020-03,145633.62,26172.75,5384.87,3699.33,4677.85,7576.11,119460.87,98122.71,93203.06,0.82,0.67,0.64,Prime Members,Electronics,Marketing
2020-03,183081.91,27127.98,19573.15,10732.22,11220.85,5696.76,155953.93,108730.95,106827.42,0.85,0.59,0.58,Prime Members,Electronics,Sales
2020-03,120832.24,38703.91,11327.54,11481.03,2274.95,1667.59,82128.33,55377.23,51928.59,0.68,0.46,0.43,Non-Prime Members,Amazon Prime Video,Sales
2020-04,67939.14,37697.45,16256.36,9475.79,7446.13,2728.15,30241.69,-5664.73,-8396.62,0.45,-0.08,-0.12,Business Customers,Amazon Web Services (AWS),AWS
2020-04,156986.72,49650.24,28939.53,4688.63,12086.25,8559.98,107336.48,53062.09,51777.99,0.68,0.34,0.33,Business Customers,Amazon Web Services (AWS),AWS
2020-04,164117.76,15135.77,14975.88,8557.93,6403.53,7524.21,148981.99,111520.43,108568.93,0.91,0.68,0.66,Business Customers,Amazon Web Services (AWS),AWS
2020-04,134191.58,14164.39,25995.04,6058.47,9328.58,9052.86,120027.19,69592.25,65783.59,0.89,0.52,0.49,Prime Members,Electronics,Sales
2020-04,165645.08,38973.55,9713.52,7557.06,4664.73,2058.02,126671.52,102678.2,99625.32,0.76,0.62,0.6,Business Customers,Amazon Web Services (AWS),Sales
2020-04,124069.34,33135.48,21811.51,10387.84,11645.94,9912,90933.86,37176.57,32688.14,0.73,0.3,0.26,Prime Members,Electronics,Sales
2020-04,128409.92,20966.43,29425.17,11687.79,2679.63,2884.66,107443.5,60766.24,58610.5,0.84,0.47,0.46,Non-Prime Members,Amazon Prime Video,Marketing
2020-04,114131.15,13176.77,7547.33,5018.92,13083.05,1106.02,100954.38,74199.06,72854.06,0.88,0.65,0.64,Business Customers,Amazon Web Services (AWS),Sales
2020-04,53812.87,13426.33,5208,7269.23,4576.55,9976.81,40386.54,13355.95,8609.69,0.75,0.25,0.16,Prime Members,Electronics,Marketing
2020-04,66183.71,45767.63,15839.57,5499.1,13367.17,3529.66,20416.08,-17819.43,-20332.22,0.31,-0.27,-0.31,Business Customers,Amazon Web Services (AWS),Sales
2020-04,54714.38,17674.69,7315.64,4582.21,6582.88,7012.18,37039.68,11546.78,8241.16,0.68,0.21,0.15,Business Customers,Amazon Web Services (AWS),Sales
2020-04,145461.56,22934.86,23709.61,12184.03,11394.89,2590.14,122526.7,72648.03,68480.02,0.84,0.5,0.47,Non-Prime Members,Amazon Prime Video,Marketing
2020-04,97153.4,19066.26,27863.72,13820.29,6149.93,6222.06,78087.14,24031.15,21733.9,0.8,0.25,0.22,International Customers,Amazon Prime Video,Operations
2020-04,126285.6,24199.85,15850.52,6813.02,13776.85,9136.31,102085.75,56509.04,52644.38,0.81,0.45,0.42,Business Customers,Amazon Web Services (AWS),Sales
2020-04,186134.97,12776.95,11467.79,11766.63,3646.28,3881.63,173358.02,142595.69,141054.01,0.93,0.77,0.76,Non-Prime Members,Amazon Prime Video,Sales
2020-04,87393.83,30762.39,15860.08,13660.94,4320.76,7032.29,56631.44,15757.38,13592.2,0.65,0.18,0.16,Business Customers,Amazon Web Services (AWS),Sales
2020-04,111557.44,12704.5,23086.2,12999.61,8409.39,2691.13,98852.94,51666.6,50087.76,0.89,0.46,0.45,Business Customers,Amazon Web Services (AWS),Sales
2020-04,163332.67,42014.26,5226.35,4376.57,3065.2,6623.16,121318.41,102027.12,97782.2,0.74,0.62,0.6,Business Customers,Amazon Web Services (AWS),Sales
2020-04,84319.72,19348.48,19736.35,14431.79,4547.74,4028.05,64971.24,22227.3,20336.7,0.77,0.26,0.24,Business Customers,Amazon Web Services (AWS),AWS
2020-04,61546.99,31600.48,20332.29,6896.79,14268.96,2900.87,29946.51,-14452.41,-18322.03,0.49,-0.23,-0.3,International Customers,Amazon Prime Video,Operations
2020-04,93462.72,45203.16,20942.21,6410.13,14694.37,3818.64,48259.55,2394.22,-2378.98,0.52,0.03,-0.03,International Customers,Amazon Prime Video,Sales
2020-04,74183.19,36035.09,11050.55,2811.61,6891.37,2609.57,38148.1,14785,11673.91,0.51,0.2,0.16,Business Customers,Amazon Web Services (AWS),Sales
2020-04,189454.65,31318.31,22851.32,8320.26,14002.72,9117.24,158136.34,103844.8,100684.68,0.83,0.55,0.53,Business Customers,Amazon Web Services (AWS),Sales
2020-04,171218.06,22973.35,7284.79,3417.18,9082.72,4574.68,148244.71,123885.34,121041.21,0.87,0.72,0.71,Non-Prime Members,Amazon Prime Video,Sales
2020-04,145010.56,23320.08,9981.76,5231.02,5506.65,3207.51,121690.49,97763.55,95459.98,0.84,0.67,0.66,Non-Prime Members,Amazon Prime Video,Marketing
2020-04,180719.09,36779.48,26936.75,6120.25,11131.18,5035.67,143939.61,94715.75,91813.13,0.8,0.52,0.51,Prime Members,Electronics,Sales
2020-04,170550.81,49765.57,23468.08,12514.74,10565.72,3884.83,120785.24,70351.87,66940.64,0.71,0.41,0.39,International Customers,Amazon Prime Video,Sales
2020-04,77985.51,36473.57,5343.64,13381.35,14858.63,7699.77,41511.94,228.55,-4715.42,0.53,0,-0.06,Business Customers,Amazon Web Services (AWS),Sales
2020-04,183883.85,32311.34,11209.41,5932.06,5445.61,9740.98,151572.51,119244.45,114493.39,0.82,0.65,0.62,International Customers,Amazon Prime Video,Operations
2020-04,130901.34,39226.02,10360.16,13163.08,10736.77,4942.3,91675.32,52473,48024.39,0.7,0.4,0.37,Non-Prime Members,Amazon Prime Video,Sales
2020-05,171116.02,28608.22,11770.16,13144,2676.31,8749.3,142507.8,106168.03,101611.51,0.83,0.62,0.59,International Customers,Amazon Prime Video,Sales
2020-05,184413.7,12405.69,11188.99,11940.46,3477.4,6092.77,172008,139308.38,136436.98,0.93,0.76,0.74,International Customers,Amazon Prime Video,Operations
2020-05,97700.52,32491.87,6563.16,3907.04,2050.94,2415.12,65208.65,50272.39,46642.62,0.67,0.51,0.48,Business Customers,Amazon Web Services (AWS),Sales
2020-05,66507.79,48305.01,16473.51,10974.2,14992.99,7215.6,18202.78,-31453.53,-36033.79,0.27,-0.47,-0.54,Business Customers,Amazon Web Services (AWS),Sales
2020-05,84190.27,17012.12,23318.34,14285.31,12429.56,5620.91,67178.16,11524.04,8952.24,0.8,0.14,0.11,Non-Prime Members,Amazon Prime Video,Sales
2020-05,114066.17,37600.2,20168.29,10873.03,12227.4,6855.46,76465.97,26341.8,21494.75,0.67,0.23,0.19,Business Customers,Amazon Web Services (AWS),Sales
2020-05,172702.21,18037.35,21821.79,6311.02,8626.44,9007.19,154664.87,108898.43,106235.29,0.9,0.63,0.62,Non-Prime Members,Amazon Prime Video,Sales
2020-05,179109.59,31433.11,7028.73,8507.53,5900.87,4963.91,147676.48,121275.44,117871.11,0.82,0.68,0.66,Non-Prime Members,Amazon Prime Video,Marketing
2020-05,51042.82,13867.06,28787.27,10394.43,3966.44,9110.6,37175.76,-15082.97,-18922.18,0.73,-0.3,-0.37,Prime Members,Electronics,Sales
2020-05,126612.1,28014.84,25962.3,8637.42,5700.77,7756.02,98597.26,50540.75,45738.39,0.78,0.4,0.36,Prime Members,Electronics,Sales
2020-05,112611.65,40246.53,25127.26,3559.39,6887.63,5397.44,72365.12,31393.4,29414.94,0.64,0.28,0.26,Prime Members,Electronics,Marketing
2020-05,83316.17,23902.86,25574.6,6056.83,11832.03,6429,59413.31,9520.85,5536.33,0.71,0.11,0.07,International Customers,Amazon Prime Video,Sales
2020-05,67979.81,36596.47,28317.76,12431.15,9015.6,3930.23,31383.34,-22311.41,-25394.67,0.46,-0.33,-0.37,Prime Members,Electronics,Sales
2020-05,100642.28,41818,18606.35,13198.43,3007.29,9852.38,58824.28,14159.83,12085.6,0.58,0.14,0.12,Business Customers,Amazon Web Services (AWS),AWS
2020-05,191436.46,47087.11,10007.05,3784.9,2234.38,7006.16,144349.34,121316.85,117210.43,0.75,0.63,0.61,Business Customers,Amazon Web Services (AWS),AWS
2020-05,98480.44,19385.68,20419.59,14381.03,3330.32,1394.62,79094.76,39569.2,36360.31,0.8,0.4,0.37,Prime Members,Electronics,Sales
2020-05,127818.59,25972.64,23572.04,6274.69,7336.48,3939.6,101845.96,60723.14,57079.25,0.8,0.48,0.45,International Customers,Amazon Prime Video,Operations
2020-05,155452.84,16096.64,23447.93,10610.08,14131.51,6609.83,139356.2,84556.85,82265.25,0.9,0.54,0.53,Non-Prime Members,Amazon Prime Video,Marketing
2020-05,104544.44,49699.34,18036.23,11773.73,10286.23,1507,54845.1,13241.92,10316.82,0.52,0.13,0.1,International Customers,Amazon Prime Video,Sales
2020-05,195767.31,47080.04,6711.47,12555.3,12423.74,1214.96,148687.27,115781.81,112312.39,0.76,0.59,0.57,International Customers,Amazon Prime Video,Operations
2020-05,194367.09,31598.29,14277.82,14294.75,8062.87,5050.22,162768.81,121083.15,118463.51,0.84,0.62,0.61,Non-Prime Members,Amazon Prime Video,Sales
2020-05,87767.34,43681.33,28019.17,6067.95,6701.66,3994.21,44086.01,-696.98,-2490.47,0.5,-0.01,-0.03,Non-Prime Members,Amazon Prime Video,Sales
2020-05,124587.28,30838.32,19611.22,13160.58,3409.2,4944.69,93748.96,52623.26,47776.7,0.75,0.42,0.38,Non-Prime Members,Amazon Prime Video,Marketing
2020-05,95131.75,34943.43,18458.3,3711.93,13387.13,3364.24,60188.32,21266.72,18220.85,0.63,0.22,0.19,Business Customers,Amazon Web Services (AWS),AWS
2020-05,92726.07,13564.98,11721.34,11165.53,12181.08,2482.46,79161.1,41610.69,37675.01,0.85,0.45,0.41,Non-Prime Members,Amazon Prime Video,Sales
2020-05,55533.04,40210.82,14211.22,11645.71,4185.54,7202.29,15322.23,-21922.53,-24566.72,0.28,-0.39,-0.44,Non-Prime Members,Amazon Prime Video,Sales
2020-05,141434.65,15108.54,27383.65,10810.4,8659.39,5631.14,126326.11,73841.53,71421,0.89,0.52,0.5,International Customers,Amazon Prime Video,Operations
2020-05,125401.85,43042.71,21661.58,5280.09,8335.87,2801.39,82359.15,44280.22,41651.56,0.66,0.35,0.33,International Customers,Amazon Prime Video,Operations
2020-05,57721.81,41281.12,24684.68,13349.56,10126.19,3876.3,16440.69,-35596.04,-38232.83,0.28,-0.62,-0.66,Prime Members,Electronics,Sales
2020-05,91796.97,38349.79,16358.64,4195.16,14300.43,6326.27,53447.18,12266.69,9089.96,0.58,0.13,0.1,International Customers,Amazon Prime Video,Sales
2020-05,186239.88,11446.42,20756.18,2697.25,9537.03,1650.06,174793.47,140152.94,136979.06,0.94,0.75,0.74,Non-Prime Members,Amazon Prime Video,Sales
2020-06,85934.28,22125.13,11209.59,11327.04,9022.82,2327.08,63809.15,29922.61,26934,0.74,0.35,0.31,Business Customers,Amazon Web Services (AWS),AWS
2020-06,71734.23,20524.5,22636.52,8181.18,2654.2,1659.21,51209.73,16078.61,14539.47,0.71,0.22,0.2,International Customers,Amazon Prime Video,Sales
2020-06,123417.91,24405.46,15690.03,13038.27,2817.8,8310.86,99012.46,59155.5,56171.2,0.8,0.48,0.46,International Customers,Amazon Prime Video,Operations
2020-06,197847.57,13505.71,16063.64,6984.16,4435.51,7771.68,184341.86,149086.87,147410.45,0.93,0.75,0.75,Non-Prime Members,Amazon Prime Video,Marketing
2020-06,86308.29,47478.31,21233.06,4187.62,2422.12,7779.82,38829.98,3207.36,1702.82,0.45,0.04,0.02,International Customers,Amazon Prime Video,Operations
2020-06,150820.33,32152.09,28407.02,12873.75,11663.59,7446.93,118668.24,58276.96,53546.38,0.79,0.39,0.36,International Customers,Amazon Prime Video,Operations
2020-06,164242.94,22220.97,6600.16,9135.83,11403.29,7024.47,142021.97,107858.22,104438.42,0.86,0.66,0.64,Non-Prime Members,Amazon Prime Video,Sales
2020-06,85645.63,25879.26,25618.58,4459.55,3768.73,5292.93,59766.37,20626.59,16988.63,0.7,0.24,0.2,International Customers,Amazon Prime Video,Sales
2020-06,159232.45,27888.1,12309.58,11364.99,12869.03,6780.5,131344.35,88020.25,85413.08,0.82,0.55,0.54,Business Customers,Amazon Web Services (AWS),Sales
2020-06,105167.47,34023.77,16097.99,8644.48,4012.22,1345.25,71143.7,41043.76,36407.84,0.68,0.39,0.35,Prime Members,Electronics,Marketing
2020-06,144845.87,30627.18,5547.83,9856.07,5915.28,6593.18,114218.7,86306.33,82754.61,0.79,0.6,0.57,International Customers,Amazon Prime Video,Sales
2020-06,145029.46,46775.68,12526.15,7991.68,5236.7,8000.9,98253.78,64498.35,60421.67,0.68,0.44,0.42,Business Customers,Amazon Web Services (AWS),Sales
2020-06,130366.2,29878.54,17565.78,12773.22,6839.99,5503.23,100487.66,57805.45,55331.2,0.77,0.44,0.42,International Customers,Amazon Prime Video,Sales
2020-06,63543.47,49686.32,6404.4,12784.32,5310.63,4217.62,13857.14,-14859.82,-19699.87,0.22,-0.23,-0.31,Prime Members,Electronics,Sales
2020-06,175295.37,44057,17277.39,11222.05,8356.36,3496.84,131238.38,90885.73,86603.88,0.75,0.52,0.49,Non-Prime Members,Amazon Prime Video,Sales
2020-06,98117.01,18340.42,28177.77,3370.22,7296.3,6785.22,79776.59,34147.08,29731.29,0.81,0.35,0.3,Prime Members,Electronics,Marketing
2020-06,77977.78,47223.81,7634.83,12905.1,14825.4,7235.21,30753.97,-11846.58,-13535.35,0.39,-0.15,-0.17,International Customers,Amazon Prime Video,Operations
2020-06,56116.27,14654.66,24111.02,10723.17,2727.04,8838.71,41461.62,-4938.32,-7022.18,0.74,-0.09,-0.13,Prime Members,Electronics,Marketing
2020-06,138633.94,42697.99,15241.78,11061.31,3848.36,4081.01,95935.95,61703.5,59560.99,0.69,0.45,0.43,Prime Members,Electronics,Marketing
2020-06,151634.65,25224.93,21379.34,6718.78,2686.74,7927.95,126409.72,87696.92,85613.28,0.83,0.58,0.56,Non-Prime Members,Amazon Prime Video,Marketing
2020-06,52488.17,45118.97,11505.91,13430.63,10135.94,6052.2,7369.2,-33755.49,-38177.12,0.14,-0.64,-0.73,International Customers,Amazon Prime Video,Sales
2020-06,126813.96,44722.27,8987.31,11429.83,2708.62,8945.53,82091.69,50020.4,48892.87,0.65,0.39,0.39,Prime Members,Electronics,Marketing
2020-06,83974.37,42237.02,9011.57,3463.68,12873.72,5750.31,41737.35,10638.08,9333.68,0.5,0.13,0.11,Prime Members,Electronics,Sales
2020-06,146775.92,41601.22,6762.3,7301.11,8655.2,5658.67,105174.7,76797.42,74701.76,0.72,0.52,0.51,Non-Prime Members,Amazon Prime Video,Sales
2020-06,76154.96,22187.17,9641.17,13522.94,8851.1,6200.89,53967.8,15751.69,13952.2,0.71,0.21,0.18,Business Customers,Amazon Web Services (AWS),AWS
2020-06,153640.66,13236.77,21605.48,2613.56,9300.73,7743.84,140403.89,99140.28,97212.84,0.91,0.65,0.63,International Customers,Amazon Prime Video,Operations
2020-06,108010.3,26119.21,27042.27,14498.42,4220.58,9682.21,81891.09,26447.62,22255.85,0.76,0.24,0.21,Business Customers,Amazon Web Services (AWS),Sales
2020-06,190509.5,16940.98,25353.14,10829.11,4569.97,1662.07,173568.52,131154.22,127901.71,0.91,0.69,0.67,Business Customers,Amazon Web Services (AWS),Sales
2020-06,70628.14,37798.04,22128.36,10207.89,6144.63,1480.91,32830.1,-7131.68,-8154.77,0.46,-0.1,-0.12,Non-Prime Members,Amazon Prime Video,Marketing
2020-06,101159.95,23843.99,7760.8,5517.27,9715.45,9437.95,77315.96,44884.49,42167.2,0.76,0.44,0.42,Non-Prime Members,Amazon Prime Video,Marketing
2020-07,67021.03,49024.41,12229.69,5234.29,4731.53,5768.88,17996.62,-9967.77,-12599.31,0.27,-0.15,-0.19,International Customers,Amazon Prime Video,Operations
2020-07,188704.04,35638.88,12745.17,14246.76,3512.31,6534.13,153065.16,116026.79,114571.01,0.81,0.61,0.61,Business Customers,Amazon Web Services (AWS),Sales
2020-07,181600.9,42899.22,11248.92,5877.54,14611.52,5341.81,138701.68,101621.88,97917.32,0.76,0.56,0.54,Prime Members,Electronics,Marketing
2020-07,88691.24,15300.99,17875.14,12081.57,2285.76,1842.92,73390.26,39304.87,35496.48,0.83,0.44,0.4,Business Customers,Amazon Web Services (AWS),AWS
2020-07,148997.61,44480.58,18388.85,7110.58,12435.07,7912.8,104517.03,58669.73,54786.16,0.7,0.39,0.37,Non-Prime Members,Amazon Prime Video,Marketing
2020-07,172583.33,46910.29,13922.15,3810.3,12244.46,7725.02,125673.04,87971.11,84057.23,0.73,0.51,0.49,Prime Members,Electronics,Sales
2020-07,133280.12,29482.48,13844.73,2139.3,5863.78,3805.33,103797.65,78144.5,77144.29,0.78,0.59,0.58,Prime Members,Electronics,Sales
2020-07,129447.59,34250.12,25713.89,9075.35,3763.15,3756.15,95197.47,52888.93,48073.25,0.74,0.41,0.37,Non-Prime Members,Amazon Prime Video,Sales
2020-07,86277.84,40592.39,24732.32,14685.12,3893.17,8540.57,45685.45,-6165.74,-10422.57,0.53,-0.07,-0.12,Prime Members,Electronics,Sales
2020-07,63965.42,16993.55,12694.9,6798.77,11066.61,1651.22,46971.87,14760.38,10144.45,0.73,0.23,0.16,Business Customers,Amazon Web Services (AWS),Sales
2020-07,184582.36,30102.64,27844.71,6643.5,10356.49,8929.95,154479.72,100705.08,99642.5,0.84,0.55,0.54,Non-Prime Members,Amazon Prime Video,Marketing
2020-07,185062.71,25946.52,28820.38,6473.19,12175.69,3309.96,159116.19,108336.97,103601.54,0.86,0.59,0.56,International Customers,Amazon Prime Video,Sales
2020-07,144965.22,15854.96,13168.56,8767.07,14187.26,6336.86,129110.26,86650.51,82411.35,0.89,0.6,0.57,Non-Prime Members,Amazon Prime Video,Sales
2020-07,100854.47,24701.38,13860.62,7728.64,10995.06,9423.95,76153.09,34144.82,29795.94,0.76,0.34,0.3,International Customers,Amazon Prime Video,Sales
2020-07,102381.44,12726.89,17640.85,13438.89,4026.07,7103.1,89654.54,47445.63,46072.48,0.88,0.46,0.45,International Customers,Amazon Prime Video,Operations
2020-07,158893.35,11032.48,28528.02,8571.77,5164.75,4729.87,147860.88,100866.46,96911.35,0.93,0.63,0.61,Non-Prime Members,Amazon Prime Video,Sales
2020-07,184566.54,15406.65,26907.99,8600.85,12948.52,7205.81,169159.89,113496.72,108657.06,0.92,0.61,0.59,Non-Prime Members,Amazon Prime Video,Sales
2020-07,183062.96,48524.6,7564.2,3798.83,4720.98,4095.82,134538.36,114358.53,110644.34,0.73,0.62,0.6,International Customers,Amazon Prime Video,Operations
2020-07,166981.33,31981.18,14818.27,14775.61,2942.79,3495.33,135000.15,98968.15,95685.91,0.81,0.59,0.57,International Customers,Amazon Prime Video,Sales
2020-07,146304.75,48632.89,18834.28,5249.65,11142.64,9970.15,97671.86,52475.14,47692.62,0.67,0.36,0.33,Prime Members,Electronics,Marketing
2020-07,62620.99,27299.92,17578.31,2953.73,7232.84,7757.11,35321.08,-200.92,-2972.67,0.56,0,-0.05,Non-Prime Members,Amazon Prime Video,Marketing
2020-07,74244.31,22472.65,9846.58,10620.9,13960.52,6802.48,51771.66,10541.18,7144.01,0.7,0.14,0.1,Non-Prime Members,Amazon Prime Video,Sales
2020-07,184783.13,30245.67,26470.42,9739.76,10453.32,4197.61,154537.45,103676.35,100771,0.84,0.56,0.55,Prime Members,Electronics,Sales
2020-07,140964.36,27580.47,21923.52,7396.89,3175.45,1442.45,113383.89,79445.58,74714.2,0.8,0.56,0.53,Non-Prime Members,Amazon Prime Video,Sales
2020-07,51379.56,14226.59,25947.71,7488.5,14322.14,1279.51,37152.97,-11884.89,-13189.22,0.72,-0.23,-0.26,Prime Members,Electronics,Marketing
2020-07,65220.73,35633.05,26469.11,12205.83,5361.24,5987.63,29587.68,-20436.13,-23440.61,0.45,-0.31,-0.36,Prime Members,Electronics,Marketing
2020-07,149525.27,18641.53,23708.9,4544.26,6383.76,7858.29,130883.74,88388.52,84640.71,0.88,0.59,0.57,Non-Prime Members,Amazon Prime Video,Marketing
2020-07,50759.24,34783.52,15980.27,12663.29,7229.39,5836.41,15975.72,-25733.64,-29901.26,0.31,-0.51,-0.59,Business Customers,Amazon Web Services (AWS),AWS
2020-07,74121.21,36008.04,20263.67,10433.71,2665.92,8567.07,38113.16,-3817.2,-7149.27,0.51,-0.05,-0.1,International Customers,Amazon Prime Video,Sales
2020-07,132310.07,16080.99,9009.14,7446.61,8454.7,1300.84,116229.07,90017.79,85382.12,0.88,0.68,0.65,Non-Prime Members,Amazon Prime Video,Sales
2020-07,153784.28,12453.99,21841.14,7954.37,3603.14,4300.77,141330.29,103630.88,98862.91,0.92,0.67,0.64,Business Customers,Amazon Web Services (AWS),AWS
2020-08,147794.19,41230.46,9481.33,5336.41,7212.61,3133.63,106563.73,81399.73,80142.46,0.72,0.55,0.54,Prime Members,Electronics,Sales
2020-08,83640.4,28392.02,22348.74,11777.49,6559.23,5025.46,55248.38,9537.47,6927.99,0.66,0.11,0.08,Business Customers,Amazon Web Services (AWS),AWS
2020-08,156826.88,12326.55,10739.95,8667.37,12046.92,1651.39,144500.33,111394.7,110300.86,0.92,0.71,0.7,Non-Prime Members,Amazon Prime Video,Marketing
2020-08,85587.36,49794.65,7938.78,6171.11,12441.22,9587.18,35792.71,-345.58,-2663.25,0.42,0,-0.03,Non-Prime Members,Amazon Prime Video,Marketing
2020-08,98809.95,12311.22,9132.11,9748.65,3994.37,3009.3,86498.73,60614.3,57466.83,0.88,0.61,0.58,Business Customers,Amazon Web Services (AWS),Sales
2020-08,161973.71,37801.41,5049.8,14944.55,6765.17,9300.77,124172.3,88112.01,83468.84,0.77,0.54,0.52,Non-Prime Members,Amazon Prime Video,Sales
2020-08,147444.93,49347.16,22968.49,7658.41,6853.59,4833.04,98097.78,55784.25,51398.03,0.67,0.38,0.35,International Customers,Amazon Prime Video,Operations
2020-08,177383.51,19567.2,23310.03,13968.99,3968.34,9869.72,157816.31,106699.24,105189.24,0.89,0.6,0.59,Business Customers,Amazon Web Services (AWS),Sales
2020-08,148641.93,15689.97,17873.33,6485.22,12379.9,5986.53,132951.96,90226.99,88854.86,0.89,0.61,0.6,Prime Members,Electronics,Marketing
2020-08,135246.29,14855.4,9034.07,2711.53,11193.97,9377.5,120390.89,88073.83,84716.76,0.89,0.65,0.63,Business Customers,Amazon Web Services (AWS),AWS
2020-08,64051.22,22131.01,7088.86,4655.15,4474.96,1048.14,41920.21,24653.1,21524.63,0.65,0.38,0.34,Business Customers,Amazon Web Services (AWS),AWS
2020-08,105157.37,14041.83,5478.22,7443.04,6767.38,7734.15,91115.54,63692.74,61627.23,0.87,0.61,0.59,Business Customers,Amazon Web Services (AWS),Sales
2020-08,89780.36,37686.45,9143.7,4855.25,3375.47,9127.46,52093.9,25592.02,20994.21,0.58,0.29,0.23,Business Customers,Amazon Web Services (AWS),AWS
2020-08,86598.45,12491.67,27271.39,2002.95,10166.69,2257.49,74106.77,32408.26,27698.8,0.86,0.37,0.32,Prime Members,Electronics,Sales
2020-08,195951.58,30376.89,11038.42,13895.02,3577.84,1865.13,165574.7,135198.29,132587.84,0.84,0.69,0.68,Prime Members,Electronics,Sales
2020-08,108964.66,49867.87,13856.78,12970.43,14817.14,4821.15,59096.78,12631.27,8070.06,0.54,0.12,0.07,Prime Members,Electronics,Sales
2020-08,183806.98,42558.81,7633.64,11649.8,12148.87,9403.11,141248.17,100412.76,97876.96,0.77,0.55,0.53,Business Customers,Amazon Web Services (AWS),Sales
2020-08,144670.79,34608.78,10559.03,4181.59,7073.1,5881.48,110062.02,82366.81,78419.55,0.76,0.57,0.54,International Customers,Amazon Prime Video,Sales
2020-08,169221.7,22250.14,17980.61,3564.73,9521.33,5747.11,146971.55,110157.77,107254,0.87,0.65,0.63,International Customers,Amazon Prime Video,Operations
2020-08,125395.56,34955.83,20193.82,2878.86,13847.44,2270.14,90439.73,51249.47,49759.14,0.72,0.41,0.4,Prime Members,Electronics,Marketing
2020-08,136535.58,31081.66,11133.81,11412.38,9203.29,1007.11,105453.92,72697.34,67985.6,0.77,0.53,0.5,International Customers,Amazon Prime Video,Sales
2020-08,123877.65,27043.34,6443.3,14074.5,4268.48,8291.26,96834.32,63756.77,60940.38,0.78,0.51,0.49,International Customers,Amazon Prime Video,Sales
2020-08,79286.45,15228.42,14775.82,7596.97,6923.14,1788.17,64058.03,32973.93,29035.98,0.81,0.42,0.37,International Customers,Amazon Prime Video,Sales
2020-08,158367.82,45464.17,10855.08,3548.83,12960.88,6704.65,112903.65,78834.2,76365.51,0.71,0.5,0.48,International Customers,Amazon Prime Video,Operations
2020-08,92115.85,27991.39,10488.85,8661.11,10374.77,9231.55,64124.47,25368.2,24292.67,0.7,0.28,0.26,International Customers,Amazon Prime Video,Operations
2020-08,53647.39,17784.9,28996.57,6534.81,10459.42,2877.87,35862.49,-13006.17,-14408.3,0.67,-0.24,-0.27,Non-Prime Members,Amazon Prime Video,Marketing
2020-08,146820.84,24710.37,20407.51,6872.72,13268.68,6987.46,122110.47,74574.1,71589.22,0.83,0.51,0.49,Prime Members,Electronics,Marketing
2020-08,76566.6,26565.19,18921.96,10077.3,13621.65,1708.29,50001.41,5672.22,1912.36,0.65,0.07,0.02,Business Customers,Amazon Web Services (AWS),Sales
2020-08,191068.79,43101.52,15394.38,11343.34,13957.3,6433.8,147967.27,100838.46,98499.52,0.77,0.53,0.52,International Customers,Amazon Prime Video,Operations
2020-08,193089.29,39344.58,15723.61,3437.85,3233.04,2475.39,153744.71,128874.83,125092.88,0.8,0.67,0.65,Non-Prime Members,Amazon Prime Video,Marketing
2020-08,187229.66,40772.2,18522.63,2462.67,9073.64,7623.58,146457.46,108774.94,104980.4,0.78,0.58,0.56,Business Customers,Amazon Web Services (AWS),AWS
2020-09,105523.81,10441.25,22410.75,14926.29,11626.62,3711.08,95082.55,42407.81,38592.07,0.9,0.4,0.37,Non-Prime Members,Amazon Prime Video,Marketing
2020-09,52318.49,26646.16,22553.65,5025.47,11840.05,5170.52,25672.33,-18917.36,-21887.44,0.49,-0.36,-0.42,International Customers,Amazon Prime Video,Operations
2020-09,189247.78,29253.77,9292.35,2699.8,9887.31,6394.87,159994.02,131719.69,127060.14,0.85,0.7,0.67,International Customers,Amazon Prime Video,Operations
2020-09,114227.62,10767.69,17502.82,4468.38,4168.24,2541.46,103459.93,74779.04,71822.25,0.91,0.65,0.63,International Customers,Amazon Prime Video,Operations
2020-09,194998.22,20392.53,15298.95,2506.45,12366.47,7674.74,174605.69,136759.08,133958.02,0.9,0.7,0.69,International Customers,Amazon Prime Video,Sales
2020-09,194543,40411.59,26763.17,7093.54,11361.45,3723.76,154131.4,105189.48,103391.95,0.79,0.54,0.53,Business Customers,Amazon Web Services (AWS),Sales
2020-09,177951.42,15484.39,20785.47,12431.22,3119.77,6961.35,162467.03,119169.22,116938.6,0.91,0.67,0.66,Business Customers,Amazon Web Services (AWS),Sales
2020-09,94167.33,31412.41,18312.6,6436.18,8029.53,2424.55,62754.93,27552.07,26382.74,0.67,0.29,0.28,Non-Prime Members,Amazon Prime Video,Sales
2020-09,107764.66,18608.07,7884.87,7774.38,4261.71,7193.06,89156.58,62042.57,58508.43,0.83,0.58,0.54,Prime Members,Electronics,Sales
2020-09,177670.5,10484.83,20140.95,10782.63,6387.2,2153.69,167185.67,127721.2,125727.06,0.94,0.72,0.71,International Customers,Amazon Prime Video,Operations
2020-09,97538.3,19648.06,7930.1,8615.62,2235.05,4828.21,77890.24,54281.26,52064.64,0.8,0.56,0.53,Non-Prime Members,Amazon Prime Video,Marketing
2020-09,75423.91,49034.95,13430.16,13198.79,7204.29,3224.85,26388.96,-10669.14,-14752.4,0.35,-0.14,-0.2,Non-Prime Members,Amazon Prime Video,Marketing
2020-09,133520.19,42061.48,8571.05,13258.46,9148.4,7735.38,91458.7,52745.41,50436.53,0.68,0.4,0.38,Non-Prime Members,Amazon Prime Video,Marketing
2020-09,190423.22,48383.07,22301.84,2128.84,10054.57,3358.32,142040.15,104196.58,102227.8,0.75,0.55,0.54,International Customers,Amazon Prime Video,Operations
2020-09,154404.47,29514.16,10156.3,12114.6,10625.37,8935.46,124890.31,83058.57,81382.34,0.81,0.54,0.53,International Customers,Amazon Prime Video,Operations
2020-09,135509.18,14389.45,14796.48,7989.54,12871.79,9026.38,121119.73,76435.54,72336.1,0.89,0.56,0.53,Non-Prime Members,Amazon Prime Video,Sales
2020-09,64576.47,31918.38,27391.87,14854.93,4801.02,2767.97,32658.09,-17157.69,-18676.52,0.51,-0.27,-0.29,International Customers,Amazon Prime Video,Sales
2020-09,142251.08,28175.09,10107.91,8282.02,3566.26,6524.61,114075.99,85595.19,82780.17,0.8,0.6,0.58,Non-Prime Members,Amazon Prime Video,Marketing
2020-09,198508.08,43774.28,17695.13,14829.65,13069.98,1789.46,154733.79,107349.58,104321.86,0.78,0.54,0.53,Business Customers,Amazon Web Services (AWS),Sales
2020-09,71012.6,13923.3,15481.79,11809.4,4035.97,4523.83,57089.3,21238.31,17488.75,0.8,0.3,0.25,International Customers,Amazon Prime Video,Operations
2020-09,127749.45,29529.65,5453.1,5231.86,14671.88,7419.9,98219.8,65443.06,61909.93,0.77,0.51,0.48,Business Customers,Amazon Web Services (AWS),AWS
2020-09,181605.96,16001.95,24818.95,8999.13,12953,6934.81,165604.01,111898.12,107655.24,0.91,0.62,0.59,Prime Members,Electronics,Marketing
2020-09,161115.29,22987.04,6726.15,14897.76,8511.4,6622.31,138128.26,101370.64,100191.64,0.86,0.63,0.62,International Customers,Amazon Prime Video,Sales
2020-09,154552.36,39494.28,16856.38,13147.9,14758.48,3542.87,115058.08,66752.46,64566.7,0.74,0.43,0.42,Prime Members,Electronics,Sales
2020-09,155372.61,29040.73,19016.96,3265.77,3265.9,4402.22,126331.89,96381.04,94260.5,0.81,0.62,0.61,Non-Prime Members,Amazon Prime Video,Marketing
2020-09,103923.67,25035.53,20710.66,11182.84,5939.85,1926.52,78888.14,39128.27,37544.21,0.76,0.38,0.36,International Customers,Amazon Prime Video,Sales
2020-09,94038.78,25779.05,22215.79,6492.53,10296.92,7471.21,68259.73,21783.28,19626.56,0.73,0.23,0.21,International Customers,Amazon Prime Video,Operations
2020-09,171404.17,28377.87,11331.81,2090.77,6550.09,5535,143026.3,117518.64,115279.57,0.83,0.69,0.67,International Customers,Amazon Prime Video,Sales
2020-09,171517.01,41400.66,5249.47,7245.25,14068.84,7378.89,130116.35,96173.89,93086.35,0.76,0.56,0.54,Prime Members,Electronics,Marketing
2020-09,180060.85,45683.39,23086.09,5051.81,2853.14,3240.49,134377.46,100145.93,96491.11,0.75,0.56,0.54,Prime Members,Electronics,Marketing
2020-10,186986.08,48213.39,18391.41,12645.3,9142.35,3919.94,138772.7,94673.68,92149.28,0.74,0.51,0.49,Non-Prime Members,Amazon Prime Video,Sales
2020-10,126701.36,41476.14,25902.94,6385.3,9681.26,4007.94,85225.22,39247.78,35369.9,0.67,0.31,0.28,Business Customers,Amazon Web Services (AWS),AWS
2020-10,125227.44,22616.28,25534.71,12757.81,10485.47,1231.68,102611.17,52601.5,50256.84,0.82,0.42,0.4,Business Customers,Amazon Web Services (AWS),AWS
2020-10,169744.28,37525.39,26083.15,2007.77,5323.66,4069.43,132218.89,94734.87,92573.73,0.78,0.56,0.55,Prime Members,Electronics,Marketing
2020-10,147494.59,27504.12,17127.37,6001.65,6739.36,8229.74,119990.46,81892.34,78727.59,0.81,0.56,0.53,International Customers,Amazon Prime Video,Sales
2020-10,155295.03,20186.82,13340.71,5135.15,12967.85,9075.69,135108.21,94588.82,93493.95,0.87,0.61,0.6,Business Customers,Amazon Web Services (AWS),AWS
2020-10,169368.9,43634.86,24788.96,5036.38,4534.26,5663.96,125734.04,85710.49,84391.33,0.74,0.51,0.5,Business Customers,Amazon Web Services (AWS),Sales
2020-10,183500.8,11537.05,16282.35,2886.43,12749.28,5099.52,171963.75,134946.17,132274.29,0.94,0.74,0.72,Prime Members,Electronics,Marketing
2020-10,100699.27,46070.48,9586.05,4432.62,9314.52,1277.42,54628.79,30018.18,25246.53,0.54,0.3,0.25,Non-Prime Members,Amazon Prime Video,Sales
2020-10,106337.44,28459.1,26374.35,9222.14,11908.44,8912.84,77878.34,21460.57,17574.53,0.73,0.2,0.17,Prime Members,Electronics,Sales
2020-10,64097.29,35488.06,27064,5787.69,11276.9,1117.09,28609.23,-16636.45,-17988.95,0.45,-0.26,-0.28,Prime Members,Electronics,Sales
2020-10,136742.02,36374.16,16657.74,7426.13,4697.65,9502.75,100367.86,62083.59,57698.32,0.73,0.45,0.42,International Customers,Amazon Prime Video,Operations
2020-10,55391.34,45804.71,6892.49,6899.27,9394.57,5402.95,9586.63,-19002.64,-22931.85,0.17,-0.34,-0.41,Prime Members,Electronics,Marketing
2020-10,119839.7,35466.79,14695.65,13386.76,13280.4,4077.41,84372.92,38932.69,35488.9,0.7,0.32,0.3,International Customers,Amazon Prime Video,Sales
2020-10,131396.7,34557.34,25088.44,13768.89,7617.51,9317.97,96839.35,41046.55,36765.37,0.74,0.31,0.28,Non-Prime Members,Amazon Prime Video,Marketing
2020-10,92981.19,12666.08,27544.35,8408.44,14565.68,1219.52,80315.11,28577.12,25960.68,0.86,0.31,0.28,International Customers,Amazon Prime Video,Sales
2020-10,138624.99,30736.32,10086.82,6292.03,7878.8,6232.82,107888.67,77398.2,75512.2,0.78,0.56,0.54,Non-Prime Members,Amazon Prime Video,Sales
2020-10,54575.04,16006.76,6674.34,3388.41,3856.21,5940.39,38568.28,18708.92,15660.83,0.71,0.34,0.29,Non-Prime Members,Amazon Prime Video,Marketing
2020-10,55602.23,39497.35,26933.76,14394.24,7062.65,2973.88,16104.88,-35259.66,-38455.02,0.29,-0.63,-0.69,Non-Prime Members,Amazon Prime Video,Sales
2020-10,173390.08,30488.88,14735.12,2782.95,14372.13,4859.99,142901.21,106151.02,102997.71,0.82,0.61,0.59,Prime Members,Electronics,Sales
2020-10,104028.6,37209.11,18544.02,5869.45,6156.37,6870.38,66819.49,29379.26,26118.97,0.64,0.28,0.25,International Customers,Amazon Prime Video,Operations
2020-10,69059.08,11666.92,29201.65,5874.86,13285.28,7544.18,57392.16,1486.2,-3308.62,0.83,0.02,-0.05,Business Customers,Amazon Web Services (AWS),AWS
2020-10,128336.49,13391.68,6664.12,6165.22,13456.26,1006.45,114944.81,87652.76,83043.78,0.9,0.68,0.65,Prime Members,Electronics,Sales
2020-10,165499.03,38652.94,21207.95,4135.73,6552.42,9431.68,126846.1,85518.31,81015.44,0.77,0.52,0.49,Non-Prime Members,Amazon Prime Video,Marketing
2020-10,82373.15,12883.37,6852.64,12181.1,3082.35,2480.73,69489.78,44892.97,40687.3,0.84,0.54,0.49,Business Customers,Amazon Web Services (AWS),AWS
2020-10,143433.57,12850.27,14386.72,3592.47,11419.25,3102.22,130583.3,98082.63,93308.92,0.91,0.68,0.65,Prime Members,Electronics,Sales
2020-10,62802.12,10484.34,25095.36,10253.79,6049.66,3371.26,52317.78,7547.71,6153.73,0.83,0.12,0.1,Business Customers,Amazon Web Services (AWS),Sales
2020-10,57752.26,48260.06,15836.81,3610,12178.01,1340.38,9492.2,-23472.99,-25533.48,0.16,-0.41,-0.44,Non-Prime Members,Amazon Prime Video,Marketing
2020-10,129703.19,39500.33,29929.56,2916.96,7754.51,2107.47,90202.86,47494.36,44514.13,0.7,0.37,0.34,Business Customers,Amazon Web Services (AWS),Sales
2020-10,131095.27,24130.06,18976.48,13822.58,8308.47,9877.15,106965.21,55980.53,51594.39,0.82,0.43,0.39,Business Customers,Amazon Web Services (AWS),AWS
2020-10,145614.49,21861.42,13029.05,4471.67,12112.82,3836.95,123753.06,90302.56,87281.9,0.85,0.62,0.6,Non-Prime Members,Amazon Prime Video,Marketing
2020-11,158913.7,23988.13,10502.78,12676.25,6970.72,2037.71,134925.57,102738.1,98745.96,0.85,0.65,0.62,Business Customers,Amazon Web Services (AWS),AWS
2020-11,196377.81,40986.14,13763.01,9080.2,7760.66,1962.92,155391.67,122824.88,121269.04,0.79,0.63,0.62,Prime Members,Electronics,Marketing
2020-11,127445.05,36454.82,14313.33,3012.13,6890.48,7475.14,90990.23,59299.15,57289.49,0.71,0.47,0.45,Business Customers,Amazon Web Services (AWS),AWS
2020-11,98443.47,17407.82,6717.84,14420.83,6775.43,8691.12,81035.65,44430.44,40503.33,0.82,0.45,0.41,International Customers,Amazon Prime Video,Sales
2020-11,169277.93,16964.37,14239.35,5210.5,8837.31,3312.57,152313.56,120713.83,119054.89,0.9,0.71,0.7,Prime Members,Electronics,Marketing
2020-11,90624.84,13935.83,16605.96,13175.39,12514.39,1188.19,76689.01,33205.08,30799.66,0.85,0.37,0.34,Business Customers,Amazon Web Services (AWS),AWS
2020-11,115845.71,36412.11,23068.44,4194.53,6702.99,3007.81,79433.6,42459.83,40400.37,0.69,0.37,0.35,International Customers,Amazon Prime Video,Sales
2020-11,61768.46,40574.91,21418.24,13101.26,8815.31,1508.64,21193.55,-23649.9,-26049.34,0.34,-0.38,-0.42,International Customers,Amazon Prime Video,Operations
2020-11,53802.61,20601.86,22719.14,2171.97,10719.46,1930.55,33200.75,-4340.37,-8173.67,0.62,-0.08,-0.15,International Customers,Amazon Prime Video,Sales
2020-11,194397.26,10837.8,5209.09,8653.15,5502.71,4883.57,183559.46,159310.94,156839.55,0.94,0.82,0.81,Business Customers,Amazon Web Services (AWS),AWS
2020-11,175397.02,13286.87,10441.68,12002.75,5607.8,3069.27,162110.15,130988.65,127767.6,0.92,0.75,0.73,Non-Prime Members,Amazon Prime Video,Sales
2020-11,154396.13,48714.4,21542.11,14152.34,14134.37,5643.51,105681.73,50209.4,48809.67,0.68,0.33,0.32,International Customers,Amazon Prime Video,Operations
2020-11,111342.94,21817.79,17099.73,13819.63,11405.95,3281.44,89525.15,43918.4,39698.32,0.8,0.39,0.36,Non-Prime Members,Amazon Prime Video,Marketing
2020-11,75994.15,40768.93,5132.84,12655.12,9503.43,9464.84,35225.22,-1531,-4010.56,0.46,-0.02,-0.05,Prime Members,Electronics,Marketing
2020-11,73465.56,34986.54,25112.37,13546.49,10420.36,9153.5,38479.01,-19753.7,-23347.83,0.52,-0.27,-0.32,Non-Prime Members,Amazon Prime Video,Marketing
2020-11,87536.43,25277.59,24320.24,4589.86,2380.89,6101.25,62258.85,24866.61,20965.05,0.71,0.28,0.24,Non-Prime Members,Amazon Prime Video,Marketing
2020-11,132384,18227.49,18710.48,5694.4,10035.34,4189.82,114156.51,75526.48,73687.84,0.86,0.57,0.56,Non-Prime Members,Amazon Prime Video,Marketing
2020-11,157189.39,14855.46,6661.58,5756.59,8623.62,4430.32,142333.93,116861.82,112323.12,0.91,0.74,0.71,Non-Prime Members,Amazon Prime Video,Marketing
2020-11,149029.61,34600.52,24162.88,6901.7,9094.75,4706.67,114429.09,69563.09,66098.2,0.77,0.47,0.44,Non-Prime Members,Amazon Prime Video,Marketing
2020-11,91990.08,40985.35,19592.84,7113.17,6672.51,7548.21,51004.73,10078,7363.1,0.55,0.11,0.08,Prime Members,Electronics,Sales
2020-11,193229.79,35756.17,24549,9079.22,3059.16,5064.75,157473.62,115721.49,113992.15,0.81,0.6,0.59,Prime Members,Electronics,Sales
2020-11,160684.54,31212.09,23793.67,4078.44,4513.41,8710.57,129472.45,88376.36,83607.16,0.81,0.55,0.52,Non-Prime Members,Amazon Prime Video,Sales
2020-11,133153.11,11678.05,25075.05,10986.21,14359.68,9496.85,121475.06,61557.27,57536.99,0.91,0.46,0.43,Non-Prime Members,Amazon Prime Video,Sales
2020-11,141758.11,48739.55,17950.2,4178.37,7313.09,4023.52,93018.56,59553.38,57721.29,0.66,0.42,0.41,International Customers,Amazon Prime Video,Operations
2020-11,112940.01,41948.57,8508.11,6034.01,8066.88,6046.25,70991.44,42336.19,39985.34,0.63,0.37,0.35,Prime Members,Electronics,Sales
2020-11,87159.65,21712.88,21778.94,8543.49,2685.23,1855.51,65446.77,30583.61,26344.91,0.75,0.35,0.3,Business Customers,Amazon Web Services (AWS),AWS
2020-11,103395.9,49198.81,20511.84,12353.73,2488.36,2804.22,54197.09,16038.93,12256.22,0.52,0.16,0.12,Prime Members,Electronics,Sales
2020-11,163676.92,34075.26,23556.33,11613.1,11323.36,4721.19,129601.65,78387.67,74324.54,0.79,0.48,0.45,Business Customers,Amazon Web Services (AWS),AWS
2020-11,52159.02,33296.91,9247.03,10391.95,8995.23,2855.82,18862.12,-12627.91,-15392.71,0.36,-0.24,-0.3,International Customers,Amazon Prime Video,Sales
2020-11,67410.9,39922.93,9874.38,4025.05,8613.18,8889.04,27487.97,-3913.69,-7779.59,0.41,-0.06,-0.12,Non-Prime Members,Amazon Prime Video,Marketing
2020-12,56900.4,42470.79,27260.24,9111.59,5160.62,2424.58,14429.6,-29527.42,-32073.39,0.25,-0.52,-0.56,International Customers,Amazon Prime Video,Operations
2020-12,56109.32,36259.14,23749.44,3136.8,11681.76,5100.95,19850.18,-23818.78,-25663.83,0.35,-0.42,-0.46,Non-Prime Members,Amazon Prime Video,Sales
2020-12,178319.09,15123.83,27705.71,6905.72,4187.08,6451.29,163195.26,117945.46,114414.75,0.92,0.66,0.64,Prime Members,Electronics,Sales
2020-12,155548.68,23530.7,23967.88,7375.71,4469.15,7226.78,132017.98,88978.45,84074.4,0.85,0.57,0.54,Non-Prime Members,Amazon Prime Video,Sales
2020-12,121126.07,47123.35,19928.88,2517.55,7989.26,4447.62,74002.73,39119.41,36877.01,0.61,0.32,0.3,Business Customers,Amazon Web Services (AWS),AWS
2020-12,64675.12,18984.62,21353.32,5561.85,5721.64,8821.89,45690.5,4231.81,1387.93,0.71,0.07,0.02,Business Customers,Amazon Web Services (AWS),Sales
2020-12,123742.38,24886.68,27228.2,14423.44,5217.02,6114.87,98855.7,45872.17,42176.16,0.8,0.37,0.34,International Customers,Amazon Prime Video,Sales
2020-12,121020.77,27283.08,19470.17,14397.22,10388.09,4955.57,93737.69,44526.64,41360.61,0.77,0.37,0.34,Prime Members,Electronics,Marketing
2020-12,75980.28,27576.2,20809.78,6580.25,10462.63,1605.17,48404.08,8946.25,4572.54,0.64,0.12,0.06,Business Customers,Amazon Web Services (AWS),AWS
2020-12,115077.75,34517.58,8911.92,2560.3,12718.72,5182.21,80560.16,51187.02,47140.05,0.7,0.44,0.41,International Customers,Amazon Prime Video,Operations
2020-12,109775.71,47723.03,16848.03,4328.23,7430.21,8386.62,62052.68,25059.58,23826.39,0.57,0.23,0.22,Prime Members,Electronics,Marketing
2020-12,142377.51,19627.71,22909.93,7098.83,2950.11,6530.87,122749.81,83260.07,78266.39,0.86,0.58,0.55,Prime Members,Electronics,Marketing
2020-12,145264.05,14860.06,11773.57,14321.14,5557.66,8489.46,130403.99,90262.16,86252.55,0.9,0.62,0.59,International Customers,Amazon Prime Video,Sales
2020-12,56795.6,17898.82,10056.35,3835.59,14740.07,5446.11,38896.78,4818.66,363.05,0.68,0.08,0.01,Business Customers,Amazon Web Services (AWS),AWS
2020-12,106191.89,45477,12845.67,11925.71,9751.36,2066.16,60714.9,24126,20521.21,0.57,0.23,0.19,Business Customers,Amazon Web Services (AWS),Sales
2020-12,143878.99,35832.43,11037.52,3412.87,11226.58,1122.76,108046.55,81246.83,76821.68,0.75,0.56,0.53,International Customers,Amazon Prime Video,Sales
2020-12,125470.44,21436.27,10372.82,14756.35,2095.65,3728.98,104034.17,73080.38,71630.84,0.83,0.58,0.57,Business Customers,Amazon Web Services (AWS),AWS
2020-12,178473.48,42637.88,15621.27,6961.01,8736.67,7281.91,135835.6,97234.72,94843.77,0.76,0.54,0.53,International Customers,Amazon Prime Video,Operations
2020-12,148804.04,44454.8,27695.96,12078.05,2487.87,8112.34,104349.24,53975.02,49469.34,0.7,0.36,0.33,Business Customers,Amazon Web Services (AWS),AWS
2020-12,74440.16,43860.57,17676.49,6453.68,9399.99,3661.78,30579.59,-6612.35,-8418.97,0.41,-0.09,-0.11,Business Customers,Amazon Web Services (AWS),Sales
2020-12,60585.31,46757.06,9698.01,10159.7,13970.02,5460.89,13828.25,-25460.36,-26773.33,0.23,-0.42,-0.44,International Customers,Amazon Prime Video,Sales
2020-12,146362.89,20089.64,6924.29,4496.21,14589.45,4790.07,126273.25,95473.23,91320.76,0.86,0.65,0.62,International Customers,Amazon Prime Video,Sales
2020-12,53976.7,40201.68,22403.9,3898.27,9027.18,4694.71,13775.02,-26249.05,-30590.99,0.26,-0.49,-0.57,Business Customers,Amazon Web Services (AWS),Sales
2020-12,137866.34,28421.58,14569.97,14194.83,7956.66,3082.14,109444.76,69641.15,67990.54,0.79,0.51,0.49,International Customers,Amazon Prime Video,Operations
2020-12,191034.54,43679.94,25545.77,13929.41,14285.22,2227.34,147354.59,91366.84,86949.46,0.77,0.48,0.46,Business Customers,Amazon Web Services (AWS),Sales
2020-12,136321.13,39139.63,21487.77,13537.1,10756.93,2770.2,97181.5,48629.51,44882.44,0.71,0.36,0.33,Non-Prime Members,Amazon Prime Video,Marketing
2020-12,108225.49,41057.9,24906.04,10130.63,2843.69,1497.99,67167.59,27789.24,24708.91,0.62,0.26,0.23,Prime Members,Electronics,Sales
2020-12,146493.23,36246.47,11798.65,12507.49,8054.43,2783.18,110246.76,75103.01,70782.01,0.75,0.51,0.48,Prime Members,Electronics,Sales
2020-12,118737.93,17097.15,22308.97,2897.48,5123.19,1082.81,101640.78,70228.34,67551.34,0.86,0.59,0.57,Business Customers,Amazon Web Services (AWS),AWS
2020-12,131842.52,31801.08,11601.55,6352.26,8107.46,6645.33,100041.44,67334.85,65558.88,0.76,0.51,0.5,Prime Members,Electronics,Marketing
2020-12,191219.72,49386.79,28476.71,6078.14,7921.05,3847.38,141832.93,95509.65,93370.24,0.74,0.5,0.49,Business Customers,Amazon Web Services (AWS),AWS
2021-01,107915.4,47495.52,20909.36,10263.39,9567.88,9758.3,60419.87,9920.94,6900.29,0.56,0.09,0.06,International Customers,Amazon Prime Video,Sales
2021-01,194178.58,11726.95,13112.8,6627.45,6638.02,2743.45,182451.64,153329.92,150204.6,0.94,0.79,0.77,Non-Prime Members,Amazon Prime Video,Sales
2021-01,185802.6,16592.59,11737.8,3930.59,4135.52,4112.46,169210,145293.65,141071.32,0.91,0.78,0.76,Prime Members,Electronics,Marketing
2021-01,79368.67,15269.15,9773.16,9754.07,8548.35,4220.57,64099.52,31803.36,27637.95,0.81,0.4,0.35,Prime Members,Electronics,Marketing
2021-01,60404.2,39039.2,22366.02,12586.99,12792.64,1076.06,21365,-27456.72,-30782.18,0.35,-0.45,-0.51,International Customers,Amazon Prime Video,Sales
2021-01,65116.7,42711.41,10467.89,6967.61,10632.16,8552.87,22405.29,-14215.24,-18338.38,0.34,-0.22,-0.28,Non-Prime Members,Amazon Prime Video,Sales
2021-01,52733.27,18540.45,19882.58,3719.49,6398.78,1287.95,34192.82,2904.01,1136.92,0.65,0.06,0.02,Non-Prime Members,Amazon Prime Video,Marketing
2021-01,64166.44,30234.11,11615.88,4556.95,14161.8,9461.62,33932.34,-5863.9,-7064.16,0.53,-0.09,-0.11,Non-Prime Members,Amazon Prime Video,Marketing
2021-01,152451.02,43628.12,21549.22,5087.28,13858.7,9028.67,108822.89,59299.02,54804.49,0.71,0.39,0.36,International Customers,Amazon Prime Video,Operations
2021-01,60678.3,39312.06,25373.49,5898.67,4721.53,5819.7,21366.24,-20447.15,-21749.37,0.35,-0.34,-0.36,Prime Members,Electronics,Marketing
2021-01,97846.34,31689.49,24450.63,10356.34,2512.43,5892.36,66156.86,22945.1,20958.35,0.68,0.23,0.21,Prime Members,Electronics,Sales
2021-01,176731.3,33613.91,24021.28,9812.29,11637.01,6884,143117.39,90762.8,86981.52,0.81,0.51,0.49,Non-Prime Members,Amazon Prime Video,Marketing
2021-01,53490.79,30334.42,9693.06,11049.04,12758.93,4483.45,23156.37,-14828.11,-17465.91,0.43,-0.28,-0.33,International Customers,Amazon Prime Video,Sales
2021-01,172170.27,21901.94,7209.62,6712.53,14582.24,6825,150268.33,114938.95,110433.69,0.87,0.67,0.64,International Customers,Amazon Prime Video,Operations
2021-01,92278.22,32600.88,22473.72,12711.97,13567.87,1402.92,59677.34,9520.86,7328.94,0.65,0.1,0.08,International Customers,Amazon Prime Video,Sales
2021-01,67724.72,37555.41,14208.68,4653.14,9806.95,1486.43,30169.31,14.11,-1033.37,0.45,0,-0.02,Non-Prime Members,Amazon Prime Video,Sales
2021-01,154510.57,44932.92,15808.66,8097.53,8890.68,5115.07,109577.66,71665.72,69463.1,0.71,0.46,0.45,International Customers,Amazon Prime Video,Operations
2021-01,144341.43,35451.65,5778.73,12412.2,2361.93,5946.6,108889.77,82390.31,79078.01,0.75,0.57,0.55,Non-Prime Members,Amazon Prime Video,Sales
2021-01,181620.8,40444.86,11489.41,4342.06,5206.53,8990.36,141175.94,111147.57,108643.82,0.78,0.61,0.6,Non-Prime Members,Amazon Prime Video,Sales
2021-01,160260.66,16402.87,5841.91,3428.22,7974.99,1941.95,143857.79,124670.72,121531.23,0.9,0.78,0.76,Non-Prime Members,Amazon Prime Video,Sales
2021-01,170522.14,28462.3,26979.64,13487.89,10170.55,8403.83,142059.84,83017.92,78511.53,0.83,0.49,0.46,Business Customers,Amazon Web Services (AWS),Sales
2021-01,92305.19,10373.26,11084.92,6458.09,9244.27,2890.43,81931.92,52254.22,47604.28,0.89,0.57,0.52,Non-Prime Members,Amazon Prime Video,Marketing
2021-01,76615.93,19867.15,18933.43,10890.31,11654.27,4546.75,56748.78,10724.02,8660.12,0.74,0.14,0.11,International Customers,Amazon Prime Video,Operations
2021-01,162592.21,39058.47,5974.48,2329.53,5636.97,3849.42,123533.74,105743.34,102894.78,0.76,0.65,0.63,Business Customers,Amazon Web Services (AWS),AWS
2021-01,171025.21,49672.4,21671.18,10970.61,9344.38,4601.4,121352.81,74765.24,71568.66,0.71,0.44,0.42,Prime Members,Electronics,Sales
2021-01,198575.77,13967.12,13075.68,6109.32,3145.85,2354.46,184608.65,159923.34,155126.89,0.93,0.81,0.78,Prime Members,Electronics,Sales
2021-01,111892.65,26059.77,27447.98,2724.63,7377.65,5532.13,85832.88,42750.49,37756.02,0.77,0.38,0.34,International Customers,Amazon Prime Video,Sales
2021-01,105802.71,42002.84,27202.95,9927.57,11752.09,8214.78,63799.87,6702.48,4760.85,0.6,0.06,0.04,International Customers,Amazon Prime Video,Operations
2021-01,166461.94,18161.43,13132.27,5130.45,11014.21,4973.81,148300.52,114049.79,110141.87,0.89,0.69,0.66,International Customers,Amazon Prime Video,Sales
2021-01,101120.53,32203.4,27524.02,7028.49,14878.36,5415.52,68917.13,14070.74,11558.61,0.68,0.14,0.11,International Customers,Amazon Prime Video,Sales
2021-01,189613.6,39322.85,29903.94,3047.55,5612.58,8638.91,150290.75,103087.76,102055.33,0.79,0.54,0.54,Business Customers,Amazon Web Services (AWS),AWS
2021-02,178761.91,34639.42,25635.39,3913.12,8476.46,7354.52,144122.49,98743,97705.99,0.81,0.55,0.55,International Customers,Amazon Prime Video,Operations
2021-02,114349.1,17520.99,26121.78,5873.7,6283.9,5414.09,96828.11,53134.64,50292.38,0.85,0.46,0.44,Non-Prime Members,Amazon Prime Video,Sales
2021-02,162630.66,24215.38,11225.22,3166.87,7727.84,3319.26,138415.28,112976.08,110022.74,0.85,0.69,0.68,Prime Members,Electronics,Marketing
2021-02,163181.43,41351.67,19417.56,13840.74,13140.35,8964.34,121829.76,66466.77,65376.49,0.75,0.41,0.4,International Customers,Amazon Prime Video,Operations
2021-02,65468.58,32169.06,6681.4,2078.61,10894.72,6193.18,33299.52,7451.61,3703.9,0.51,0.11,0.06,Non-Prime Members,Amazon Prime Video,Sales
2021-02,185382.94,10209.18,7372.95,8290.18,13471.74,2990.33,175173.75,143048.56,140872.54,0.94,0.77,0.76,International Customers,Amazon Prime Video,Sales
2021-02,125787.86,40439.63,29972.32,3602.22,4645.64,3422.08,85348.23,43705.97,40466.4,0.68,0.35,0.32,Non-Prime Members,Amazon Prime Video,Sales
2021-02,173968.62,11412.45,13165.98,5999.83,13353.69,8228.2,162556.17,121808.46,119604.79,0.93,0.7,0.69,Business Customers,Amazon Web Services (AWS),AWS
2021-02,98007.44,39829.35,23704.6,14038.77,2776.91,1397.31,58178.09,16260.5,14591.96,0.59,0.17,0.15,Prime Members,Electronics,Marketing
2021-02,184328.48,18099.22,25166.63,4102.03,13551.79,9928.83,166229.26,113479.99,110851.29,0.9,0.62,0.6,Prime Members,Electronics,Marketing
2021-02,108380.25,48322.94,26450.58,14555.82,6277.96,2173.17,60057.31,10599.79,8670.69,0.55,0.1,0.08,Business Customers,Amazon Web Services (AWS),Sales
2021-02,51625.65,24717.63,29940.71,4675.33,6089.64,8164.62,26908.02,-21962.27,-25101.48,0.52,-0.43,-0.49,Non-Prime Members,Amazon Prime Video,Marketing
2021-02,185807.3,23077.26,11037.41,11640.36,8657.15,4552.98,162730.03,126842.13,125046.82,0.88,0.68,0.67,International Customers,Amazon Prime Video,Operations
2021-02,63693,15955.52,6008.77,9106.8,14228.97,5429.95,47737.48,12962.99,9929.36,0.75,0.2,0.16,Non-Prime Members,Amazon Prime Video,Marketing
2021-02,97897.05,22224.17,15279.79,13498.22,2621.16,8925.86,75672.88,35347.85,33718.34,0.77,0.36,0.34,Prime Members,Electronics,Marketing
2021-02,192509.3,45066.03,8252.02,9201.91,6579,4716.2,147443.26,118694.13,115010.23,0.77,0.62,0.6,Business Customers,Amazon Web Services (AWS),Sales
2021-02,192591.07,49853.37,5560.65,8949.27,13135.44,5837.44,142737.7,109254.9,105239.15,0.74,0.57,0.55,Business Customers,Amazon Web Services (AWS),Sales
2021-02,136015.68,24732.38,14010.67,4540.95,7148.71,1443.7,111283.3,84139.27,82697.7,0.82,0.62,0.61,Non-Prime Members,Amazon Prime Video,Marketing
2021-02,144775.58,27944.43,24593.46,4160.98,4589.04,1021.13,116831.16,82466.55,79595.34,0.81,0.57,0.55,Non-Prime Members,Amazon Prime Video,Sales
2021-02,117266.83,38882.84,19154.52,13914.36,7522.32,3203.2,78383.99,34589.59,33306.1,0.67,0.29,0.28,Business Customers,Amazon Web Services (AWS),AWS
2021-02,93981.62,45447.83,12819.45,6261.9,7012.18,7125.25,48533.78,15315.01,11922.28,0.52,0.16,0.13,Prime Members,Electronics,Sales
2021-02,99299.68,33721.77,21358.55,6837.07,13900.41,2091.38,65577.91,21390.49,19332.88,0.66,0.22,0.19,International Customers,Amazon Prime Video,Operations
2021-02,150877.77,25661.03,10800.45,11877.71,11905.15,2023.86,125216.74,88609.57,85499.08,0.83,0.59,0.57,International Customers,Amazon Prime Video,Sales
2021-02,162856.18,26504.87,5359.54,6404.71,8566.5,4698.65,136351.31,111321.92,108252.07,0.84,0.68,0.66,Non-Prime Members,Amazon Prime Video,Marketing
2021-02,168736.86,37824.73,24108.83,14376.81,14848.82,6830.53,130912.13,70747.13,66049.72,0.78,0.42,0.39,Business Customers,Amazon Web Services (AWS),Sales
2021-02,168442.72,10128.73,20593.58,11593.06,8048.61,7408.65,158313.99,110670.1,107473.76,0.94,0.66,0.64,Business Customers,Amazon Web Services (AWS),AWS
2021-02,63680.92,34783.57,24057.57,9766.58,2757.09,2606.06,28897.34,-10289.95,-13621.95,0.45,-0.16,-0.21,Business Customers,Amazon Web Services (AWS),Sales
2021-02,124163.05,24219.72,5973.45,13451.64,5409.57,1716.29,99943.33,73392.38,70785.77,0.8,0.59,0.57,Prime Members,Electronics,Sales
2021-02,58633.81,41767.89,25927.99,2644.88,7668.92,9463.57,16865.92,-28839.44,-33635.75,0.29,-0.49,-0.57,Non-Prime Members,Amazon Prime Video,Marketing
2021-03,132429.33,13719.63,20488.16,5341.81,4039.73,3346,118709.71,85494.01,81385.26,0.9,0.65,0.61,Non-Prime Members,Amazon Prime Video,Marketing
2021-03,116229.58,33528.09,19084.88,8045.47,14318.35,8680.12,82701.48,32572.66,30431.04,0.71,0.28,0.26,Non-Prime Members,Amazon Prime Video,Sales
2021-03,183155.63,29238.92,20615.35,4950.72,11969.04,8771.42,153916.71,107610.18,103233.34,0.84,0.59,0.56,Prime Members,Electronics,Sales
2021-03,102637.25,35693.02,26610.83,11670.77,5487.73,7952.7,66944.23,15222.2,12492.61,0.65,0.15,0.12,Non-Prime Members,Amazon Prime Video,Sales
2021-03,67560.05,12594.14,19673.41,13949.7,9680.46,2519.5,54965.91,9142.83,4828.16,0.81,0.14,0.07,International Customers,Amazon Prime Video,Sales
2021-03,71448.75,33199.35,19523.76,7509.01,11378.84,8396.21,38249.4,-8558.42,-12849.97,0.54,-0.12,-0.18,Non-Prime Members,Amazon Prime Video,Sales
2021-03,164226.59,32459.38,29766.98,6447.72,14236.63,7923.26,131767.21,73392.63,71637.15,0.8,0.45,0.44,Non-Prime Members,Amazon Prime Video,Sales
2021-03,142732.71,32426.4,23918.25,14500.16,13461.26,6370.51,110306.31,52056.13,48251.56,0.77,0.36,0.34,Non-Prime Members,Amazon Prime Video,Marketing
2021-03,65168.4,34139.51,16057.35,7783.08,8697.5,4034.82,31028.89,-5543.85,-7706.42,0.48,-0.09,-0.12,Prime Members,Electronics,Marketing
2021-03,62616.02,37058.72,22684.93,8357.63,12070.48,3362.58,25557.3,-20918.31,-23108.28,0.41,-0.33,-0.37,International Customers,Amazon Prime Video,Operations
2021-03,155145.37,42199.56,14730.76,6571.45,9307.88,2097,112945.81,80238.71,78053.32,0.73,0.52,0.5,International Customers,Amazon Prime Video,Operations
2021-03,60914.45,20792.83,10721.89,13824.13,9185.15,5587.81,40121.62,802.64,-3099.63,0.66,0.01,-0.05,Business Customers,Amazon Web Services (AWS),AWS
2021-03,173279.01,43001.98,19921.3,9396.42,3491.65,6267.35,130277.03,91200.32,89281.02,0.75,0.53,0.52,Business Customers,Amazon Web Services (AWS),Sales
2021-03,155936.33,29930.23,28204.55,11908.27,3639.79,4234.05,126006.11,78019.44,77015.82,0.81,0.5,0.49,International Customers,Amazon Prime Video,Operations
2021-03,62202.32,13082.33,28228.49,12553.49,8883.94,5278.23,49119.99,-5824.16,-9685.11,0.79,-0.09,-0.16,Non-Prime Members,Amazon Prime Video,Sales
2021-03,62725.66,12342.04,13547.63,6444.04,5495.2,4271.63,50383.62,20625.12,18940.38,0.8,0.33,0.3,Non-Prime Members,Amazon Prime Video,Marketing
2021-03,197995.94,23369.53,18191.94,7638.03,2273.48,6769.05,174626.4,139753.91,138335.98,0.88,0.71,0.7,Non-Prime Members,Amazon Prime Video,Sales
2021-03,106140.62,41395.88,10290.9,13030.13,11396.91,9111.33,64744.74,20915.47,18965.4,0.61,0.2,0.18,Prime Members,Electronics,Sales
2021-03,105596.32,38307.24,29890.78,6722.32,2422.33,2475.28,67289.08,25778.38,23258.78,0.64,0.24,0.22,Non-Prime Members,Amazon Prime Video,Sales
2021-03,171919.94,41544.6,29527.95,12321.16,9738.6,4432.68,130375.34,74354.95,71451.33,0.76,0.43,0.42,Prime Members,Electronics,Marketing
2021-03,192087.29,30690.76,21237.72,14232.9,9009.52,2267.82,161396.52,114648.56,113470.28,0.84,0.6,0.59,International Customers,Amazon Prime Video,Sales
2021-03,197900.16,27607.96,25110.35,10101.73,14594.59,6624.49,170292.2,113861.03,108978.74,0.86,0.58,0.55,Non-Prime Members,Amazon Prime Video,Marketing
2021-03,163006.73,15898.1,22877.5,11641.15,8294.77,7559.83,147108.63,96735.36,92871.11,0.9,0.59,0.57,Non-Prime Members,Amazon Prime Video,Marketing
2021-03,106438.94,23127.71,19828.96,12466.27,2826.82,9387.21,83311.23,38801.97,36509.2,0.78,0.36,0.34,Business Customers,Amazon Web Services (AWS),Sales
2021-03,62525.11,27360.77,6333.7,12985.52,9171.94,3509.85,35164.33,3163.33,888.54,0.56,0.05,0.01,International Customers,Amazon Prime Video,Sales
2021-03,166572.04,13544.02,16369.11,7135.69,12934.25,9551.9,153028.02,107037.07,104242.9,0.92,0.64,0.63,Non-Prime Members,Amazon Prime Video,Sales
2021-03,133760.64,18824.48,21869.66,2666.42,14959.04,1569.36,114936.16,73871.67,70366.69,0.86,0.55,0.53,Prime Members,Electronics,Sales
2021-03,113633.3,33929.01,21938.29,7224.39,7594.46,6427.12,79704.29,36520.02,34934.53,0.7,0.32,0.31,International Customers,Amazon Prime Video,Operations
2021-03,185953.16,39426.52,14328.07,10758.83,6163.88,1514.19,146526.63,113761.66,112005.94,0.79,0.61,0.6,Business Customers,Amazon Web Services (AWS),Sales
2021-03,66679.62,49933.9,28542.3,7854.56,13786.49,9043.97,16745.72,-42481.59,-46919.33,0.25,-0.64,-0.7,International Customers,Amazon Prime Video,Sales
2021-03,123893.77,47324.53,9183.93,11736.52,4486.15,5768.28,76569.23,45394.36,43369.34,0.62,0.37,0.35,Prime Members,Electronics,Marketing
2021-04,51703.05,35702.61,17508.99,6640.77,10000.58,7024.14,16000.44,-25174.03,-27694.81,0.31,-0.49,-0.54,Business Customers,Amazon Web Services (AWS),AWS
2021-04,120299.1,26849.92,22272.1,10251.67,7274.29,8484.17,93449.17,45166.95,40681.86,0.78,0.38,0.34,Prime Members,Electronics,Sales
2021-04,58445.49,35447.09,22428.4,4423.46,2534.07,2352.8,22998.4,-8740.32,-12392.91,0.39,-0.15,-0.21,International Customers,Amazon Prime Video,Operations
2021-04,67822.69,41426.06,21215.97,11741.8,6514.75,1347.32,26396.62,-14423.23,-16790.08,0.39,-0.21,-0.25,Business Customers,Amazon Web Services (AWS),Sales
2021-04,67628.94,14733.45,11882.21,9094.05,5447.97,8909.93,52895.49,17561.34,13826.54,0.78,0.26,0.2,Prime Members,Electronics,Sales
2021-04,147381.55,26396.2,8905.16,4652.84,10919.19,3834.4,120985.35,92673.76,91595.03,0.82,0.63,0.62,International Customers,Amazon Prime Video,Operations
2021-04,161906.73,43592.09,20898.51,5794.85,14334.28,2160.81,118314.64,75126.2,71183.63,0.73,0.46,0.44,Prime Members,Electronics,Sales
2021-04,137505.31,25353.32,19982.55,11731.91,5484.61,5216.15,112152,69736.77,66788.7,0.82,0.51,0.49,Non-Prime Members,Amazon Prime Video,Sales
2021-04,194325.88,32874.89,9483.9,8273.82,12549.06,6384.75,161450.99,124759.46,120506.73,0.83,0.64,0.62,International Customers,Amazon Prime Video,Operations
2021-04,106230.59,33510.77,22628.48,4808.41,2719.68,1278.74,72719.81,41284.51,36465.96,0.68,0.39,0.34,Business Customers,Amazon Web Services (AWS),AWS
2021-04,92856.81,17379.05,16379.3,14574.53,8995.57,3474.06,75477.76,32054.3,27351.15,0.81,0.35,0.29,Business Customers,Amazon Web Services (AWS),Sales
2021-04,180289.87,24489.42,21694.01,11296.63,2917.15,1295.2,155800.45,118597.46,113960.4,0.86,0.66,0.63,Non-Prime Members,Amazon Prime Video,Sales
2021-04,83539.38,23380.45,25934.18,14442.75,14142.43,4783.02,60158.92,856.55,-2192.13,0.72,0.01,-0.03,Prime Members,Electronics,Marketing
2021-04,194483.38,11047.87,9243.21,7552.37,11962.57,9055.9,183435.51,145621.47,143180.9,0.94,0.75,0.74,Prime Members,Electronics,Marketing
2021-04,51823.17,10967.67,5478.62,8176.3,10553.35,9843.87,40855.5,6803.35,3943.21,0.79,0.13,0.08,Business Customers,Amazon Web Services (AWS),AWS
2021-04,195481.82,43267.88,24477.56,13673.42,12710.65,6733.43,152213.94,94618.88,90859.29,0.78,0.48,0.46,Prime Members,Electronics,Marketing
2021-04,56473.99,20922.83,20242.44,8825.64,10417.76,2454.74,35551.15,-6389.42,-10925.41,0.63,-0.11,-0.19,International Customers,Amazon Prime Video,Operations
2021-04,183671.47,30723.15,22490.99,11194.63,14596.28,9152.64,152948.32,95513.78,93685.83,0.83,0.52,0.51,International Customers,Amazon Prime Video,Sales
2021-04,129155.17,21949.02,25953.87,5278.25,11281.45,5646.23,107206.14,59046.34,54373.57,0.83,0.46,0.42,Business Customers,Amazon Web Services (AWS),Sales
2021-04,198944.72,47627.17,25070.27,7807.44,14020.56,2383.74,151317.55,102035.53,97774.81,0.76,0.51,0.49,International Customers,Amazon Prime Video,Sales
2021-04,61069.48,20371.87,29023,3604.85,8722.71,9295.54,40697.61,-9948.49,-14863.92,0.67,-0.16,-0.24,Business Customers,Amazon Web Services (AWS),Sales
2021-04,133078.14,27186.27,18398.38,4677.74,3521.84,7817.22,105891.87,71476.69,66955.69,0.8,0.54,0.5,Prime Members,Electronics,Sales
2021-04,195395.38,44909.21,17212.39,2012.26,8866.31,7585.35,150486.17,114809.86,112690.11,0.77,0.59,0.58,Prime Members,Electronics,Sales
2021-04,128464.68,43677.34,15047.18,2510.45,3649.35,7382.63,84787.33,56197.74,54773.91,0.66,0.44,0.43,Prime Members,Electronics,Sales
2021-04,144409.8,17444.06,8842.28,14704.69,9702.42,2803.06,126965.74,90913.3,89464.34,0.88,0.63,0.62,Non-Prime Members,Amazon Prime Video,Sales
2021-04,154362.3,42105.73,19315.18,5150.6,8272.41,2899.06,112256.57,76619.32,74454.43,0.73,0.5,0.48,Business Customers,Amazon Web Services (AWS),Sales
2021-04,118181.16,28327.48,11925.31,10623.04,10093.48,7194.64,89853.68,50017.21,46560.48,0.76,0.42,0.39,International Customers,Amazon Prime Video,Sales
2021-04,144133.71,29318.75,28032.69,12908.3,2130.61,2977.5,114814.96,68765.86,64548.58,0.8,0.48,0.45,Prime Members,Electronics,Marketing
2021-04,137647.15,15339.2,19579.77,9158.59,4532.93,4948.05,122307.95,84088.62,79491.62,0.89,0.61,0.58,Non-Prime Members,Amazon Prime Video,Sales
2021-04,185173.7,13224.06,19821,3990.88,8387.3,8038.02,171949.64,131712.45,128217.43,0.93,0.71,0.69,International Customers,Amazon Prime Video,Operations
2021-05,56816.96,39117.57,13873.12,11465.51,14356.55,8055.57,17699.38,-30051.36,-31073.89,0.31,-0.53,-0.55,International Customers,Amazon Prime Video,Sales
2021-05,92144.48,29858.45,6299.73,9803.27,6986.92,5079.36,62286.03,34116.76,32371.49,0.68,0.37,0.35,International Customers,Amazon Prime Video,Operations
2021-05,192561.72,27474.03,5793.59,11506.26,7516.84,8129.71,165087.69,132141.3,130742.39,0.86,0.69,0.68,Prime Members,Electronics,Marketing
2021-05,183539.57,39180.33,15583.38,12006.71,11291.05,8547.6,144359.24,96930.51,94477.21,0.79,0.53,0.51,International Customers,Amazon Prime Video,Sales
2021-05,118348.51,40620.52,7114.13,14680.33,9849.31,6892.98,77728,39191.24,36185.84,0.66,0.33,0.31,Business Customers,Amazon Web Services (AWS),AWS
2021-05,143019.89,16356.33,20171.17,9456.32,5886.04,3055.83,126663.56,88094.19,86920.61,0.89,0.62,0.61,Non-Prime Members,Amazon Prime Video,Sales
2021-05,91607.18,34409.01,27024.33,6441.33,7340.61,3466.11,57198.17,12925.79,10531.88,0.62,0.14,0.11,International Customers,Amazon Prime Video,Operations
2021-05,78218.17,15414.16,27072.87,10430.04,4830.1,3833.57,62804.01,16637.43,14920.71,0.8,0.21,0.19,International Customers,Amazon Prime Video,Operations
2021-05,119554.76,40055,21476.14,2889.73,14558.28,2051.24,79499.76,38524.38,34936.1,0.66,0.32,0.29,Business Customers,Amazon Web Services (AWS),Sales
2021-05,103002.83,36278.21,10280.8,13666.17,3698.25,3458.44,66724.63,35620.98,32763.89,0.65,0.35,0.32,International Customers,Amazon Prime Video,Operations
2021-05,137548.42,48264.58,26574.92,3551.95,6833.88,2885.67,89283.83,49437.41,46456.14,0.65,0.36,0.34,Prime Members,Electronics,Sales
2021-05,61660.2,12758.32,27152.34,6261.96,2335.91,5097.96,48901.87,8053.72,5342.95,0.79,0.13,0.09,Prime Members,Electronics,Sales
2021-05,196159.22,12282.19,9916.34,12604.69,4883.13,9175.94,183877.03,147296.93,142472.85,0.94,0.75,0.73,Prime Members,Electronics,Sales
2021-05,197931.61,21287.48,23435.65,9765.06,12146.12,1940.32,176644.13,129356.97,127498.03,0.89,0.65,0.64,International Customers,Amazon Prime Video,Sales
2021-05,154724.26,20468.23,12162.99,7117.26,4615.28,7482.41,134256.03,102878.09,99811.43,0.87,0.66,0.65,Non-Prime Members,Amazon Prime Video,Marketing
2021-05,130414.46,19879.15,25066.01,8154.66,3040.82,7185.55,110535.3,67088.26,63144.19,0.85,0.51,0.48,Non-Prime Members,Amazon Prime Video,Marketing
2021-05,96429.14,46250.18,29930.95,13109.12,8167.89,1861.79,50178.96,-2890.78,-6118.16,0.52,-0.03,-0.06,International Customers,Amazon Prime Video,Sales
2021-05,172069.25,19981.85,5750.65,6420.06,2129.6,9303.15,152087.41,128483.95,123767.86,0.88,0.75,0.72,Non-Prime Members,Amazon Prime Video,Marketing
2021-05,152709.68,20877.99,27434.15,13305.45,3101.96,6116.25,131831.69,81873.88,79362.01,0.86,0.54,0.52,Non-Prime Members,Amazon Prime Video,Sales
2021-05,74392.54,40375.93,20565.76,3145.75,12499.14,4273.53,34016.61,-6467.57,-9322.27,0.46,-0.09,-0.13,International Customers,Amazon Prime Video,Operations
2021-05,186639.08,27989.59,29334.57,12098.38,12029.15,7808.85,158649.48,97378.54,96024.45,0.85,0.52,0.51,Prime Members,Electronics,Marketing
2021-05,173380.59,41068.42,16625.24,13018.12,13896.8,3316.29,132312.16,85455.71,82019.72,0.76,0.49,0.47,International Customers,Amazon Prime Video,Operations
2021-05,192469.99,12614.65,26184.7,4363.63,13108.7,7241.59,179855.34,128956.72,126803.88,0.93,0.67,0.66,Prime Members,Electronics,Marketing
2021-05,158857.93,29502.85,6559.85,7594.5,10881.28,1357.4,129355.08,102962.04,101320.8,0.81,0.65,0.64,Prime Members,Electronics,Marketing
2021-05,142012.28,11344.54,13381.98,4151.5,2680.33,8554.67,130667.74,101899.26,98721.14,0.92,0.72,0.7,Non-Prime Members,Amazon Prime Video,Marketing
2021-05,112736.46,12506.13,6675.41,11185.85,12177.03,5033.54,100230.33,65158.49,62029.25,0.89,0.58,0.55,Non-Prime Members,Amazon Prime Video,Sales
2021-05,189909.27,46257.5,29383.58,8959.52,12991.64,6730.24,143651.77,85586.8,84283.31,0.76,0.45,0.44,Prime Members,Electronics,Marketing
2021-05,179909.58,15569.81,25424.35,10259.2,12388.07,2991.14,164339.77,113277.01,109484.15,0.91,0.63,0.61,Prime Members,Electronics,Sales
2021-05,56782.8,31296.83,26313.69,4554.33,8610.23,7093.66,25485.97,-21085.93,-24581.02,0.45,-0.37,-0.43,Non-Prime Members,Amazon Prime Video,Sales
2021-05,53955.05,26443.82,28449.13,4752.7,5027.72,7950.16,27511.22,-18668.49,-20424.56,0.51,-0.35,-0.38,Business Customers,Amazon Web Services (AWS),AWS
2021-05,106469.51,23893.73,7127.59,2539.47,12989.29,5258.92,82575.77,54660.51,51782.77,0.78,0.51,0.49,Prime Members,Electronics,Sales
2021-06,171583,45993.33,14639.94,6186.88,11453.12,6559.54,125589.67,86750.19,82868.9,0.73,0.51,0.48,Prime Members,Electronics,Sales
2021-06,198091.42,10872.94,6775.87,9276.68,14749.9,5106.93,187218.48,151309.1,148191.36,0.95,0.76,0.75,Prime Members,Electronics,Sales
2021-06,72562.53,36551.59,10269.83,13153.15,4024,9046.82,36010.95,-482.86,-3064.82,0.5,-0.01,-0.04,Non-Prime Members,Amazon Prime Video,Marketing
2021-06,139119.61,48535.78,10734.14,10670.06,4933.64,5480.82,90583.83,58765.17,56475.81,0.65,0.42,0.41,International Customers,Amazon Prime Video,Operations
2021-06,107133.63,32406.73,16727.68,7660.15,4753.38,8576.28,74726.9,37009.41,33567.84,0.7,0.35,0.31,Prime Members,Electronics,Marketing
2021-06,195487.16,47472.9,11714.05,14390.56,12303.02,8212.17,148014.26,101394.46,96638.03,0.76,0.52,0.49,Prime Members,Electronics,Sales
2021-06,176317.84,12090.32,7524.45,11350.19,4429.79,4694.54,164227.52,136228.54,132541.57,0.93,0.77,0.75,Prime Members,Electronics,Sales
2021-06,175749.31,26751.73,9187.28,14092.15,2866.58,3070.76,148997.57,119780.81,118481.83,0.85,0.68,0.67,International Customers,Amazon Prime Video,Sales
2021-06,120303.97,20406.31,8681.89,8858.64,14981.29,4654.74,99897.66,62721.1,59878.36,0.83,0.52,0.5,International Customers,Amazon Prime Video,Operations
2021-06,112222.93,39232.84,29326.92,5365.76,2322.62,8435.96,72990.09,27538.83,22975.53,0.65,0.25,0.2,Prime Members,Electronics,Marketing
2021-06,91011.06,49251.88,23982.31,2686.75,12858.17,3048.69,41759.18,-816.75,-2194.6,0.46,-0.01,-0.02,Prime Members,Electronics,Marketing
2021-06,58456.32,20261.2,29194.04,11439.1,6749.77,5719.93,38195.12,-14907.71,-19863.22,0.65,-0.26,-0.34,Business Customers,Amazon Web Services (AWS),AWS
2021-06,179708.36,36166.98,15993.51,3576.94,12941,8254.87,143541.37,102775.05,97978.77,0.8,0.57,0.55,International Customers,Amazon Prime Video,Sales
2021-06,171935.15,17923.91,11959.21,5936.08,9210.07,4181.3,154011.25,122724.59,121411.5,0.9,0.71,0.71,Business Customers,Amazon Web Services (AWS),AWS
2021-06,199957.65,32613.21,24957.33,8922.12,13721.21,6779.89,167344.44,112963.9,108230.24,0.84,0.56,0.54,Prime Members,Electronics,Marketing
2021-06,199495.53,28557.3,13156.35,9337.42,14040.51,3210.68,170938.23,131193.27,128740.74,0.86,0.66,0.65,Prime Members,Electronics,Sales
2021-06,133314.76,48880.21,12484.58,9807.58,2118.28,1983.52,84434.54,58040.59,53661.75,0.63,0.44,0.4,Prime Members,Electronics,Sales
2021-06,165348.11,34341.09,10812.65,4161.32,2980.36,8149.46,131007.02,104903.24,102229.7,0.79,0.63,0.62,Prime Members,Electronics,Sales
2021-06,191714.86,23980.25,8241.97,6936.59,5254.66,1890.72,167734.6,145410.66,142647.24,0.87,0.76,0.74,Non-Prime Members,Amazon Prime Video,Sales
2021-06,177447.11,14563.83,11411.58,10023.52,10701.1,3442.43,162883.28,127304.64,123767.67,0.92,0.72,0.7,Non-Prime Members,Amazon Prime Video,Marketing
2021-06,87102.22,16049.87,13882.99,14607.65,13547.54,8695.98,71052.34,20318.18,16220.27,0.82,0.23,0.19,Non-Prime Members,Amazon Prime Video,Marketing
2021-06,117581.62,19012.68,21849.86,11459.2,7979.25,4118.22,98568.94,53162.41,52027.26,0.84,0.45,0.44,Business Customers,Amazon Web Services (AWS),AWS
2021-06,69373.91,20038.67,6564.12,13993.85,9890.65,9757.41,49335.25,9129.22,5756.59,0.71,0.13,0.08,International Customers,Amazon Prime Video,Sales
2021-06,193107.65,44024.64,10262.67,11908.76,4450.5,9817.61,149083.01,112643.47,110896.54,0.77,0.58,0.57,Prime Members,Electronics,Marketing
2021-06,140926.2,32448.91,25225.59,9692.32,12464.57,3414.48,108477.28,57680.32,55296.52,0.77,0.41,0.39,International Customers,Amazon Prime Video,Operations
2021-06,84296.42,30935.64,8673.05,4496.3,14575.27,1368.8,53360.78,24247.36,21855.49,0.63,0.29,0.26,Non-Prime Members,Amazon Prime Video,Sales
2021-06,150755.1,14590.75,13566.13,10666.91,5491.79,7345.57,136164.35,99093.95,96217.71,0.9,0.66,0.64,Prime Members,Electronics,Marketing
2021-06,142719.24,44405.59,26616.47,10103.93,8432.74,5058.88,98313.65,48101.63,45765.08,0.69,0.34,0.32,Prime Members,Electronics,Marketing
2021-06,103724.41,38912.57,8873.13,9832.1,3119.51,1906.78,64811.84,41080.32,39650.87,0.62,0.4,0.38,Business Customers,Amazon Web Services (AWS),AWS
2021-06,67033.64,12706.73,7068.42,8367.22,9268.78,7367.71,54326.9,22254.79,20672.27,0.81,0.33,0.31,International Customers,Amazon Prime Video,Operations
2021-07,150735.98,38313.4,17113.45,8872.54,8536.18,1280.57,112422.58,76619.83,75486.08,0.75,0.51,0.5,Business Customers,Amazon Web Services (AWS),Sales
2021-07,128046.16,31741.53,12560.49,6347.75,3877.67,8831.77,96304.63,64686.94,61805.94,0.75,0.51,0.48,Non-Prime Members,Amazon Prime Video,Marketing
2021-07,165847.76,13269.01,19085.21,8751.07,7746.86,2247.87,152578.74,114747.74,109929.95,0.92,0.69,0.66,International Customers,Amazon Prime Video,Operations
2021-07,128024.53,28332.03,25095.12,4568.23,6343.36,2145.81,99692.5,61539.98,60077.28,0.78,0.48,0.47,Non-Prime Members,Amazon Prime Video,Sales
2021-07,177827.23,29387.85,8428.71,12467.27,8783.8,2581.05,148439.37,116178.54,111393.48,0.83,0.65,0.63,Business Customers,Amazon Web Services (AWS),Sales
2021-07,132786.03,16630.98,19517.48,4415.1,9613.51,9642.4,116155.04,72966.56,69033.12,0.87,0.55,0.52,Business Customers,Amazon Web Services (AWS),Sales
2021-07,134140.7,47827.93,17637.72,3104.56,2110.44,7238.52,86312.77,56221.52,52671.53,0.64,0.42,0.39,Prime Members,Electronics,Sales
2021-07,181498.04,43999.01,8601.97,7671.2,11893.08,8212.34,137499.03,101120.44,97539.32,0.76,0.56,0.54,International Customers,Amazon Prime Video,Operations
2021-07,110522.43,36760.89,20599.96,10558,11269.19,4578.71,73761.54,26755.68,22448.77,0.67,0.24,0.2,International Customers,Amazon Prime Video,Sales
2021-07,70102.28,28491.82,11841.01,7690.32,6761.72,4026.81,41610.46,11290.6,9862.92,0.59,0.16,0.14,Prime Members,Electronics,Sales
2021-07,54317.4,26470.62,17195.86,5597.8,2688.17,3110.36,27846.78,-745.41,-3764.42,0.51,-0.01,-0.07,International Customers,Amazon Prime Video,Operations
2021-07,163270.59,36038.94,7056.81,9256.23,11814.12,5325.83,127231.65,93778.66,89990.3,0.78,0.57,0.55,Non-Prime Members,Amazon Prime Video,Marketing
2021-07,143046.43,31817.27,16489.6,6511.03,14417.28,5966.46,111229.16,67844.79,64497.51,0.78,0.47,0.45,Non-Prime Members,Amazon Prime Video,Marketing
2021-07,155611.97,12490.92,12661.59,14127.28,5121.97,6685.97,143121.04,104524.23,100193.11,0.92,0.67,0.64,Business Customers,Amazon Web Services (AWS),Sales
2021-07,81944.62,30500.11,25559.53,13994.39,6205.82,3314.07,51444.52,2370.71,1081.63,0.63,0.03,0.01,Non-Prime Members,Amazon Prime Video,Marketing
2021-07,70455.72,42256.14,6424.47,8530.83,4389.57,9537.89,28199.58,-683.18,-4445.98,0.4,-0.01,-0.06,International Customers,Amazon Prime Video,Sales
2021-07,52181.7,28369.6,15465.18,6262.49,9500.17,2527.83,23812.1,-9943.57,-13079.68,0.46,-0.19,-0.25,Prime Members,Electronics,Marketing
2021-07,102588.13,12078.26,16460.79,11582.72,4012.94,9690.88,90509.87,48762.55,46245.9,0.88,0.48,0.45,Business Customers,Amazon Web Services (AWS),AWS
2021-07,138487.65,41451.13,23125.15,2477.27,6630.52,1133.71,97036.53,63669.88,61308.78,0.7,0.46,0.44,Prime Members,Electronics,Marketing
2021-07,108836.61,18054.55,19357.19,8172,11061.17,5330.13,90782.06,46861.57,43378.24,0.83,0.43,0.4,Business Customers,Amazon Web Services (AWS),AWS
2021-07,115621.24,20344.83,21680.31,6372.2,9281.51,4000.31,95276.4,53942.07,49378.09,0.82,0.47,0.43,Business Customers,Amazon Web Services (AWS),Sales
2021-07,185623.8,16588.25,24426.23,13966.97,7024.01,5042.11,169035.55,118576.23,115591.52,0.91,0.64,0.62,Prime Members,Electronics,Marketing
2021-07,102238.32,23208.6,26555.07,2156.04,7463.24,6135.98,79029.72,36719.38,32420.49,0.77,0.36,0.32,Non-Prime Members,Amazon Prime Video,Marketing
2021-07,127098.42,40270.06,12846.89,9186.59,9307.44,4920.3,86828.36,50567.14,47958.51,0.68,0.4,0.38,Non-Prime Members,Amazon Prime Video,Marketing
2021-07,167547.95,30775.43,18450.57,11628.63,2076.24,4733.62,136772.52,99883.46,98473.88,0.82,0.6,0.59,Non-Prime Members,Amazon Prime Video,Marketing
2021-07,109481.42,18195.25,26002.7,8305.23,3020.63,7594.51,91286.17,46363.09,45117.07,0.83,0.42,0.41,Non-Prime Members,Amazon Prime Video,Sales
2021-07,143313.01,45113.2,29736.28,3110.24,13456.35,7172.89,98199.8,44724.04,43518.71,0.69,0.31,0.3,Prime Members,Electronics,Marketing
2021-07,179354.56,45183.27,27237.98,14642,3012.43,8499.44,134171.28,80779.43,78258.83,0.75,0.45,0.44,International Customers,Amazon Prime Video,Operations
2021-07,192428.09,44823.14,14286.68,8734.14,11188.45,3249.63,147604.96,110146.06,107797.11,0.77,0.57,0.56,Business Customers,Amazon Web Services (AWS),Sales
2021-07,72061.02,19551.85,9879.16,9984.42,13960.5,6485.76,52509.17,12199.34,8327.59,0.73,0.17,0.12,Prime Members,Electronics,Sales
2021-07,188988.14,28049.57,17234.81,5075.93,5518.89,6266.75,160938.57,126842.19,122870.9,0.85,0.67,0.65,Non-Prime Members,Amazon Prime Video,Marketing
2021-08,123817.44,49399.59,23541.04,8285.48,6816.39,4327.64,74417.86,31447.32,30243.9,0.6,0.25,0.24,Non-Prime Members,Amazon Prime Video,Sales
2021-08,88736.66,40880.5,17314.23,7578.94,9395.98,5374.52,47856.16,8192.49,6308,0.54,0.09,0.07,Prime Members,Electronics,Marketing
2021-08,118870.36,11086.7,17079.52,2973.65,13462.22,3824.04,107783.67,70444.24,68347.2,0.91,0.59,0.57,Business Customers,Amazon Web Services (AWS),AWS
2021-08,197004.89,12608.18,25955.76,3380.08,14244.77,2276.6,184396.7,138539.49,135349.04,0.94,0.7,0.69,Prime Members,Electronics,Marketing
2021-08,123892.71,28557.26,14035.09,12887.14,11614.32,2924.21,95335.46,53874.69,52296.63,0.77,0.43,0.42,Prime Members,Electronics,Marketing
2021-08,99312.74,46368.81,26494.87,5117.66,3126.06,1949.62,52943.93,16255.73,14719.96,0.53,0.16,0.15,International Customers,Amazon Prime Video,Sales
2021-08,145010.13,31548.07,15170.12,4534.46,10699,7147.63,113462.06,75910.85,71135.69,0.78,0.52,0.49,Prime Members,Electronics,Marketing
2021-08,86021.84,29912.5,13205.83,8563.85,7333.95,6946.55,56109.34,20059.17,15842.36,0.65,0.23,0.18,International Customers,Amazon Prime Video,Sales
2021-08,61379.5,14218.95,16349.75,11993.71,8119.11,9555.46,47160.55,1142.52,-580.1,0.77,0.02,-0.01,Business Customers,Amazon Web Services (AWS),Sales
2021-08,69331.96,36271.2,24061.17,2805.3,2638.93,7567.11,33060.75,-4011.76,-6638.03,0.48,-0.06,-0.1,Prime Members,Electronics,Marketing
2021-08,69206.88,42884.13,8150.05,9498.5,4483.81,1468.41,26322.75,2721.98,299.49,0.38,0.04,0,Prime Members,Electronics,Sales
2021-08,72785.4,25216.8,9910.48,3549.74,12276.68,8958.21,47568.6,12873.5,8709.49,0.65,0.18,0.12,Non-Prime Members,Amazon Prime Video,Marketing
2021-08,70824.08,41024.47,28786.12,2473.99,7901.46,8764.08,29799.6,-18126.05,-21166.91,0.42,-0.26,-0.3,Prime Members,Electronics,Sales
2021-08,146131.21,48579.07,9387.29,2685.67,5921.61,4989.88,97552.15,74567.69,73056.29,0.67,0.51,0.5,Non-Prime Members,Amazon Prime Video,Sales
2021-08,77282.01,18150.66,19193.18,12844.13,6992.25,6272.77,59131.35,13829.02,9873.05,0.77,0.18,0.13,Non-Prime Members,Amazon Prime Video,Marketing
2021-08,101850.09,30933.19,19482.86,3533.64,13107.19,9784.7,70916.91,25008.5,22420.95,0.7,0.25,0.22,Non-Prime Members,Amazon Prime Video,Marketing
2021-08,184518.26,21485.52,17240.61,2586.97,11736.99,5790.74,163032.74,125677.44,123625.74,0.88,0.68,0.67,Business Customers,Amazon Web Services (AWS),Sales
2021-08,121094.25,41714.18,21118.63,7692.7,5540.1,9147.9,79380.07,35880.74,33378.75,0.66,0.3,0.28,International Customers,Amazon Prime Video,Sales
2021-08,150133.66,33103.73,10745.67,12971.92,3527.52,1747.35,117029.93,88037.47,85046.44,0.78,0.59,0.57,Non-Prime Members,Amazon Prime Video,Sales
2021-08,75847.98,35383.3,18816.56,5411.31,5275.98,2719.47,40464.68,8241.37,5868.91,0.53,0.11,0.08,Prime Members,Electronics,Marketing
2021-08,78843.35,41916.57,14304.33,7482.26,13969.83,4966.79,36926.79,-3796.44,-5764.06,0.47,-0.05,-0.07,Prime Members,Electronics,Sales
2021-08,56130.29,25838.82,21541.68,2518.99,9560.65,6262.81,30291.47,-9592.67,-12186.68,0.54,-0.17,-0.22,Non-Prime Members,Amazon Prime Video,Sales
2021-08,75340.26,46603.6,8530.59,7838.02,8935.24,8346.05,28736.66,-4913.25,-5989.94,0.38,-0.07,-0.08,Non-Prime Members,Amazon Prime Video,Sales
2021-08,91788.55,31321.15,19271.94,9508.97,9753.12,9894.36,60467.4,12039.01,7949.02,0.66,0.13,0.09,Prime Members,Electronics,Sales
2021-08,76551.57,16318.19,9631.76,9421.79,6758.37,4499.66,60233.38,29921.8,28238.02,0.79,0.39,0.37,Non-Prime Members,Amazon Prime Video,Marketing
2021-08,63305.38,37835.96,11966.08,6321.55,12492.39,1426.74,25469.42,-6737.34,-7912.96,0.4,-0.11,-0.12,International Customers,Amazon Prime Video,Operations
2021-08,68095.38,41730.45,10467.75,6101.93,8802.72,8210.54,26364.93,-7218.01,-10832.81,0.39,-0.11,-0.16,International Customers,Amazon Prime Video,Operations
2021-08,119116.82,22670.47,9570.94,3386.11,3517.72,6439.43,96446.35,73532.15,69436.4,0.81,0.62,0.58,Business Customers,Amazon Web Services (AWS),AWS
2021-08,80950.06,44287.17,25642.77,6768.38,3677.85,2786.89,36662.89,-2213,-6468.31,0.45,-0.03,-0.08,Non-Prime Members,Amazon Prime Video,Sales
2021-08,104640.48,46245.73,12142.69,3293.43,8979.17,5453.46,58394.75,28526,25551.97,0.56,0.27,0.24,Business Customers,Amazon Web Services (AWS),AWS
2021-08,125512.59,21076.18,28178.09,11965.75,14175.41,7680.79,104436.41,42436.36,40614.89,0.83,0.34,0.32,Business Customers,Amazon Web Services (AWS),AWS
2021-09,153559.22,49340.86,29248.16,14561.57,6008.58,7933.71,104218.37,46466.35,42517.44,0.68,0.3,0.28,Business Customers,Amazon Web Services (AWS),Sales
2021-09,55896.82,15628.46,19281.51,14610.97,13304.04,5496.57,40268.36,-12424.72,-16223.57,0.72,-0.22,-0.29,Non-Prime Members,Amazon Prime Video,Sales
2021-09,169911.56,18080.63,8575.03,13245.92,11933.24,3746.93,151830.93,114329.81,112344.72,0.89,0.67,0.66,Business Customers,Amazon Web Services (AWS),AWS
2021-09,144185.06,17368.99,14363.71,9810.3,5221.56,9763.68,126816.06,87656.82,83043.18,0.88,0.61,0.58,International Customers,Amazon Prime Video,Operations
2021-09,62263.85,45759.59,24943.31,11111.25,2472.43,6970.26,16504.27,-28992.99,-30410.47,0.27,-0.47,-0.49,Business Customers,Amazon Web Services (AWS),Sales
2021-09,181036.79,36171.7,14184.77,5707.68,3324.01,4674.14,144865.09,116974.5,112043.74,0.8,0.65,0.62,International Customers,Amazon Prime Video,Operations
2021-09,188130.86,16084.17,7175.43,10200.02,11470.42,3524.17,172046.69,139676.65,135235.66,0.91,0.74,0.72,International Customers,Amazon Prime Video,Sales
2021-09,59161.69,27612.94,18919.62,7923.44,4595.71,7579.93,31548.76,-7469.94,-11221.54,0.53,-0.13,-0.19,Non-Prime Members,Amazon Prime Video,Sales
2021-09,91531.65,34611.92,26128.02,8266.23,6826.52,3179.65,56919.73,12519.31,7764.31,0.62,0.14,0.08,Business Customers,Amazon Web Services (AWS),AWS
2021-09,170930.19,13338.56,24898.16,11851.1,8522.09,2545.39,157591.63,109774.89,105885.65,0.92,0.64,0.62,Non-Prime Members,Amazon Prime Video,Sales
2021-09,162238.95,45296.65,9378.08,5664.94,11431.09,5768.51,116942.3,84699.69,82937.86,0.72,0.52,0.51,International Customers,Amazon Prime Video,Sales
2021-09,77678.15,42144.14,21819.12,6134.51,3472.01,3609.89,35534.01,498.49,-2270.14,0.46,0.01,-0.03,Prime Members,Electronics,Sales
2021-09,81402.4,30208.27,10512.61,14020.34,7282.76,6660.15,51194.13,12718.27,11432.26,0.63,0.16,0.14,Business Customers,Amazon Web Services (AWS),Sales
2021-09,105570.82,48685.06,10455.19,2730.92,8305.95,2061.45,56885.75,33332.25,30773.62,0.54,0.32,0.29,Non-Prime Members,Amazon Prime Video,Sales
2021-09,122678.45,26710.44,26851.79,8313.25,9030.75,6894.47,95968.01,44877.75,40911.33,0.78,0.37,0.33,Prime Members,Electronics,Marketing
2021-09,142738.22,49364.41,11241.72,13866.41,12638.69,3549.67,93373.8,52077.31,49531.54,0.65,0.36,0.35,Business Customers,Amazon Web Services (AWS),Sales
2021-09,105337.05,36716.8,11581.18,9934.72,4231.82,1002.19,68620.25,41870.34,39549.16,0.65,0.4,0.38,Business Customers,Amazon Web Services (AWS),Sales
2021-09,119380.21,35386.85,5016.33,9103.29,12501.81,2142.42,83993.36,55229.5,51848.07,0.7,0.46,0.43,Non-Prime Members,Amazon Prime Video,Sales
2021-09,162120.64,16638.2,26766.73,5246.67,11007.42,9402.54,145482.44,93059.09,88570.27,0.9,0.57,0.55,Prime Members,Electronics,Sales
2021-09,55502.48,45277.11,24814.87,6462.58,9226.32,8806.19,10225.37,-39084.59,-40274.93,0.18,-0.7,-0.73,Non-Prime Members,Amazon Prime Video,Marketing
2021-09,87865.54,27099.59,20683.22,13076.63,11093.86,3102.48,60765.95,12809.76,10267.88,0.69,0.15,0.12,Business Customers,Amazon Web Services (AWS),AWS
2021-09,157002.44,16489.34,23756.64,9269.84,7356.23,8005.35,140513.1,92125.04,90492.08,0.89,0.59,0.58,Business Customers,Amazon Web Services (AWS),AWS
2021-09,184281.03,10504.3,8801.21,8691.65,3799.17,6477.14,173776.72,146007.55,142226.13,0.94,0.79,0.77,International Customers,Amazon Prime Video,Operations
2021-09,126751.62,32390.23,16458.09,3294.54,10654.95,9738.14,94361.39,54215.67,52792.77,0.74,0.43,0.42,Business Customers,Amazon Web Services (AWS),AWS
2021-09,129817.02,31095.98,13780.48,2208.37,8820.74,4362.45,98721.04,69549,65889.77,0.76,0.54,0.51,Business Customers,Amazon Web Services (AWS),AWS
2021-09,66075.8,38774.14,7344.41,14527.91,10311.87,7133.15,27301.66,-12015.68,-14160.41,0.41,-0.18,-0.21,Prime Members,Electronics,Sales
2021-09,117111.86,45610.32,17153.26,6900.82,6393.98,1571.82,71501.53,39481.64,37685.98,0.61,0.34,0.32,Prime Members,Electronics,Sales
2021-09,129892.59,13176.26,28018.49,9841.77,13789.27,4566.23,116716.33,60500.57,55755.16,0.9,0.47,0.43,International Customers,Amazon Prime Video,Operations
2021-09,86370.58,39259.86,6001.48,3036.3,9635.81,9674.36,47110.72,18762.77,17688.68,0.55,0.22,0.2,International Customers,Amazon Prime Video,Operations
2021-09,90386.48,17496.48,12286.52,10880.49,3110.23,5850.83,72890.01,40761.94,38010.83,0.81,0.45,0.42,International Customers,Amazon Prime Video,Sales
2021-10,106592.62,44327.08,10188.52,14123.37,7847.45,3590.92,62265.54,26515.28,25428.78,0.58,0.25,0.24,Non-Prime Members,Amazon Prime Video,Sales
2021-10,53010.68,42762.54,10953.67,9483.65,11832.63,2082.44,10248.14,-24104.24,-27038.62,0.19,-0.45,-0.51,Non-Prime Members,Amazon Prime Video,Sales
2021-10,98311.87,31631.75,27710.86,3639.5,12323.75,7331.76,66680.12,15674.26,12670.07,0.68,0.16,0.13,International Customers,Amazon Prime Video,Operations
2021-10,81717.2,38409.71,16701.73,9562.38,8429.76,6803.7,43307.49,1809.92,-476.73,0.53,0.02,-0.01,Non-Prime Members,Amazon Prime Video,Sales
2021-10,99124.6,22574,16657.49,11962.51,13631.72,4365.45,76550.6,29933.43,28404.79,0.77,0.3,0.29,Business Customers,Amazon Web Services (AWS),AWS
2021-10,67964.32,28846.72,24014.39,7283.41,5479.69,9558.47,39117.6,-7218.36,-9723.91,0.58,-0.11,-0.14,International Customers,Amazon Prime Video,Operations
2021-10,183579.09,42865.48,8862.31,13437.89,7337.78,1199.83,140713.62,109875.81,106186.76,0.77,0.6,0.58,International Customers,Amazon Prime Video,Sales
2021-10,139038.87,28370.61,17181.63,10432.88,13681.76,3733.51,110668.26,65638.47,61508.89,0.8,0.47,0.44,Non-Prime Members,Amazon Prime Video,Marketing
2021-10,151865.35,24311.93,15749.63,13690.24,13651.34,9289.63,127553.42,75172.59,72049.59,0.84,0.49,0.47,Prime Members,Electronics,Sales
2021-10,168375.69,29768.5,19922.77,10105.57,10914.27,3888.42,138607.19,93776.17,90416.83,0.82,0.56,0.54,International Customers,Amazon Prime Video,Operations
2021-10,124766.33,43129.97,29988.94,3706.74,13166.75,3270.28,81636.36,31503.65,29701.19,0.65,0.25,0.24,Non-Prime Members,Amazon Prime Video,Sales
2021-10,63038.04,23408.32,24236.22,6025.99,3154.05,5807.98,39629.72,405.47,-1743.85,0.63,0.01,-0.03,Non-Prime Members,Amazon Prime Video,Sales
2021-10,130565.98,16950.46,14946.64,4623.33,13244.93,8414.22,113615.52,72386.39,70738.81,0.87,0.55,0.54,Prime Members,Electronics,Marketing
2021-10,138026.17,38480.56,25688.83,13814.74,6168.06,1928.32,99545.61,51945.66,49948.48,0.72,0.38,0.36,International Customers,Amazon Prime Video,Operations
2021-10,161815.92,43039.13,9267.71,11885.2,4318.31,9487.19,118776.79,83818.39,81918.84,0.73,0.52,0.51,Prime Members,Electronics,Marketing
2021-10,114748.93,14025.5,5761.59,10793.18,5111.81,8155.66,100723.43,70901.2,67823.4,0.88,0.62,0.59,Business Customers,Amazon Web Services (AWS),Sales
2021-10,69137.05,19594.96,10111.21,5912.56,7433.59,2631.25,49542.08,23453.47,20202.71,0.72,0.34,0.29,Prime Members,Electronics,Marketing
2021-10,92566.39,15678.88,13510.29,4392.58,5265.5,7408.07,76887.51,46311.07,41531.28,0.83,0.5,0.45,Prime Members,Electronics,Sales
2021-10,104462.34,23917.66,17764.52,11833.86,6167.38,4464.63,80544.69,40314.3,38532.02,0.77,0.39,0.37,Non-Prime Members,Amazon Prime Video,Marketing
2021-10,146887.59,28014.04,20378.23,8164.05,3754.72,4620.65,118873.55,81955.89,78389.19,0.81,0.56,0.53,Prime Members,Electronics,Marketing
2021-10,135616.75,39953.05,27765.14,4935.26,5850.3,8049.61,95663.69,49063.38,44794.34,0.71,0.36,0.33,Business Customers,Amazon Web Services (AWS),Sales
2021-10,103414.51,36045.9,17746.35,10016.09,9439.69,9665.06,67368.61,20501.42,17260.45,0.65,0.2,0.17,Non-Prime Members,Amazon Prime Video,Marketing
2021-10,197977.29,34837.14,17531.89,2524.34,7744.1,2139.9,163140.14,133199.91,131179.9,0.82,0.67,0.66,Business Customers,Amazon Web Services (AWS),AWS
2021-10,140866.22,24095,6256.08,6240.21,6507.34,4785.67,116771.23,92981.92,90931.72,0.83,0.66,0.65,Prime Members,Electronics,Sales
2021-10,85584.02,43657.9,5872.79,8091.24,11703.88,5328.47,41926.12,10929.73,9772.72,0.49,0.13,0.11,Business Customers,Amazon Web Services (AWS),AWS
2021-10,65267.37,28851.49,18779,3923.46,13615.63,4386.81,36415.88,-4289.01,-6510.79,0.56,-0.07,-0.1,Business Customers,Amazon Web Services (AWS),AWS
2021-10,72928.87,49164.2,15954.47,14800.51,11838.26,4268.7,23764.67,-23097.26,-27075.68,0.33,-0.32,-0.37,Prime Members,Electronics,Sales
2021-10,86893.66,35365.69,25979.51,4718.27,6316.01,1470.42,51527.97,13043.77,11853.7,0.59,0.15,0.14,Prime Members,Electronics,Marketing
2021-10,74102.21,15050.59,9016.99,3694.59,11677.75,7169.85,59051.62,27492.44,25615.26,0.8,0.37,0.35,Non-Prime Members,Amazon Prime Video,Sales
2021-10,77985.05,37047.1,5624.29,4645.95,3975.74,4925.93,40937.95,21766.03,17941.1,0.52,0.28,0.23,Non-Prime Members,Amazon Prime Video,Sales
2021-10,92764.28,23004.16,16225.97,11997.79,3694.13,2753.14,69760.11,35089.07,30958.47,0.75,0.38,0.33,International Customers,Amazon Prime Video,Operations
2021-11,76006.04,37453.09,10936.96,7531.57,6493.15,8344.3,38552.95,5246.96,2425.69,0.51,0.07,0.03,Non-Prime Members,Amazon Prime Video,Marketing
2021-11,184514.81,12785.65,6240.36,9350.41,12500.13,8223.05,171729.17,135415.22,131622.93,0.93,0.73,0.71,Prime Members,Electronics,Sales
2021-11,62035.06,16995.26,23114.96,2273.12,5202.53,5377.52,45039.8,9071.68,6519.87,0.73,0.15,0.11,Business Customers,Amazon Web Services (AWS),AWS
2021-11,128676.71,44229.49,7789.82,2447.61,2822.29,3686.06,84447.22,67701.44,66061.78,0.66,0.53,0.51,Business Customers,Amazon Web Services (AWS),Sales
2021-11,111559.52,19087.18,20207.99,7795.73,3712.22,6742.83,92472.34,54013.56,51420.97,0.83,0.48,0.46,Non-Prime Members,Amazon Prime Video,Sales
2021-11,197356.79,43481.65,12026.24,12616.52,13163.68,3593.37,153875.15,112475.33,109155.46,0.78,0.57,0.55,Non-Prime Members,Amazon Prime Video,Marketing
2021-11,66805.84,21171.04,9337.4,13508.11,10239.18,3124.07,45634.79,9426.03,4633.82,0.68,0.14,0.07,Prime Members,Electronics,Marketing
2021-11,109678.34,35715.28,14493.79,3127.19,5291.62,7574.63,73963.06,43475.84,42200.84,0.67,0.4,0.38,Business Customers,Amazon Web Services (AWS),AWS
2021-11,195420.57,37766.02,25036.14,8998.72,9218.85,1362.93,157654.54,113037.9,110008.33,0.81,0.58,0.56,International Customers,Amazon Prime Video,Sales
2021-11,179826.07,30506.19,14802.34,13871.99,8858.54,1852.92,149319.88,109934.1,107618.42,0.83,0.61,0.6,International Customers,Amazon Prime Video,Sales
2021-11,172560.81,22212.43,23769.24,7043.65,10520.67,1061.09,150348.38,107953.74,104920.49,0.87,0.63,0.61,Non-Prime Members,Amazon Prime Video,Marketing
2021-11,88685.42,18505.78,8137.16,12784.36,5031.44,2376.49,70179.65,41850.21,40754.31,0.79,0.47,0.46,International Customers,Amazon Prime Video,Operations
2021-11,75633.14,11327.57,24319.29,3738.04,13237.24,1620.91,64305.56,21390.09,19137.98,0.85,0.28,0.25,Prime Members,Electronics,Sales
2021-11,150296.48,22157.86,10923.33,14160.13,6021.79,9962.22,128138.63,87071.15,82791.68,0.85,0.58,0.55,International Customers,Amazon Prime Video,Sales
2021-11,189406.4,36126.51,21934.83,11768.5,11023.71,3599.29,153279.89,104953.55,101737.79,0.81,0.55,0.54,Non-Prime Members,Amazon Prime Video,Sales
2021-11,133514.43,47532.19,19144.54,14237.35,2209.62,2343.41,85982.24,48047.32,45244.99,0.64,0.36,0.34,Prime Members,Electronics,Marketing
2021-11,135741.9,44848.18,28228.62,10796.02,6844.54,3168.97,90893.72,41855.57,39713.47,0.67,0.31,0.29,Business Customers,Amazon Web Services (AWS),Sales
2021-11,91996.86,40642.59,14683.06,6724.25,6572.23,9425.13,51354.27,13949.6,11757.43,0.56,0.15,0.13,Prime Members,Electronics,Marketing
2021-11,165423.94,41537.89,6654.13,14196.36,9065.3,5681.44,123886.05,88288.82,85756.42,0.75,0.53,0.52,Non-Prime Members,Amazon Prime Video,Sales
2021-11,78056.56,36599.4,5478.89,5582.37,2945.57,4283.36,41457.17,23166.98,18824.69,0.53,0.3,0.24,Non-Prime Members,Amazon Prime Video,Marketing
2021-11,98551.89,20411.47,25671.46,6318.24,12271.71,8860.52,78140.41,25018.47,20149.62,0.79,0.25,0.2,International Customers,Amazon Prime Video,Operations
2021-11,113815.47,46287.8,18118.39,11110.51,4831.15,4554.91,67527.66,28912.7,26158.08,0.59,0.25,0.23,International Customers,Amazon Prime Video,Sales
2021-11,126141.56,36829.29,24381.1,11949.11,10801.49,4015.08,89312.26,38165.48,35592.07,0.71,0.3,0.28,Business Customers,Amazon Web Services (AWS),Sales
2021-11,86361.46,32417.63,10860.64,14082.25,12441.76,2865.54,53943.83,13693.65,9307.45,0.62,0.16,0.11,Business Customers,Amazon Web Services (AWS),AWS
2021-11,67225.52,14439.58,13627.09,4662.43,9304.4,4400.17,52785.94,20791.85,18084.23,0.79,0.31,0.27,Non-Prime Members,Amazon Prime Video,Marketing
2021-11,141593.01,27882.22,5752.6,12373.97,11631.48,3850.16,113710.78,80102.57,76894.5,0.8,0.57,0.54,Non-Prime Members,Amazon Prime Video,Sales
2021-11,93294.58,28414.33,29037.31,11601.1,10604.18,7095.74,64880.25,6541.93,4618.16,0.7,0.07,0.05,Non-Prime Members,Amazon Prime Video,Sales
2021-11,137185.73,44582.54,21696.7,2829.33,6621.89,3606.24,92603.19,57849.03,53875.02,0.68,0.42,0.39,Business Customers,Amazon Web Services (AWS),Sales
2021-11,73154.41,31865.93,28330.13,7033.9,12515.16,6194.8,41288.48,-12785.51,-15913.46,0.56,-0.17,-0.22,Non-Prime Members,Amazon Prime Video,Sales
2021-11,122171.02,25216.02,11637.41,5675.95,5831.12,1593.03,96954.99,72217.48,67981.35,0.79,0.59,0.56,Business Customers,Amazon Web Services (AWS),Sales
2021-12,129888.41,49072.01,20286.59,5958.38,9425.77,2721.6,80816.4,42424.07,38301.13,0.62,0.33,0.29,Non-Prime Members,Amazon Prime Video,Sales
2021-12,57773.53,14428.82,21962.5,14778.31,11690.17,4666.65,43344.71,-9752.92,-11612.94,0.75,-0.17,-0.2,Prime Members,Electronics,Sales
2021-12,100490.64,26901.94,12938.74,10356.11,6926.43,9432.54,73588.7,33934.89,30072.34,0.73,0.34,0.3,Prime Members,Electronics,Sales
2021-12,70162.2,11680.99,26202.73,11329.79,5935.98,4395.27,58481.21,10617.45,6417.23,0.83,0.15,0.09,Non-Prime Members,Amazon Prime Video,Marketing
2021-12,59506.25,39596.16,28679.04,14696.03,7971.5,6976.67,19910.08,-38413.15,-40797.58,0.33,-0.65,-0.69,Prime Members,Electronics,Sales
2021-12,198494.03,46723.06,27121.38,6903.62,12633.53,3295.79,151770.97,101816.66,100126.22,0.76,0.51,0.5,Business Customers,Amazon Web Services (AWS),AWS
2021-12,98353.08,21201.49,23476.67,12423.92,14088.98,2143.3,77151.58,25018.7,24008.17,0.78,0.25,0.24,International Customers,Amazon Prime Video,Operations
2021-12,171481.17,44333.67,11936.62,7648.9,9086.08,1526.83,127147.5,96949.07,94145.45,0.74,0.57,0.55,Prime Members,Electronics,Sales
2021-12,88196.1,21688.73,12040.4,13303.94,10599.06,3748.72,66507.37,26815.25,24405.52,0.75,0.3,0.28,International Customers,Amazon Prime Video,Sales
2021-12,152225.41,46430.81,29084.01,4348.55,13742.56,2418.95,105794.6,56200.54,52980.9,0.69,0.37,0.35,Prime Members,Electronics,Sales
2021-12,164034.18,40158.48,5257.11,14319.92,3281.11,2566.09,123875.7,98451.47,96699.3,0.76,0.6,0.59,Business Customers,Amazon Web Services (AWS),AWS
2021-12,139345.81,42196.27,22901.25,4844.03,5017.02,7846.83,97149.54,56540.4,52101.74,0.7,0.41,0.37,Prime Members,Electronics,Marketing
2021-12,120736.43,10720.26,22656.15,6240.87,11215.7,1142.54,110016.17,68760.9,66729.88,0.91,0.57,0.55,Prime Members,Electronics,Sales
2021-12,111776.14,48512.41,20567.24,11830.5,12708.68,6020.29,63263.72,12137.02,10231.3,0.57,0.11,0.09,Non-Prime Members,Amazon Prime Video,Sales
2021-12,102330.24,39066.84,29752.72,7118.82,13141.38,4415.15,63263.4,8835.33,5912.48,0.62,0.09,0.06,International Customers,Amazon Prime Video,Operations
2021-12,189429.37,22190.04,12796.99,9906.75,7396.39,5558.95,167239.33,131580.25,128584.85,0.88,0.69,0.68,International Customers,Amazon Prime Video,Sales
2021-12,174592.91,43175.79,13499.3,7779.46,3161.42,6065.47,131417.12,100911.48,99051.14,0.75,0.58,0.57,Business Customers,Amazon Web Services (AWS),AWS
2021-12,194754.04,21260.85,6973.49,11650.81,7691.16,3820.31,173493.19,143357.43,141269.98,0.89,0.74,0.73,Business Customers,Amazon Web Services (AWS),Sales
2021-12,68644.58,44910.15,16069.95,4968.31,4999.55,3655.98,23734.43,-5959.36,-7638.18,0.35,-0.09,-0.11,International Customers,Amazon Prime Video,Operations
2021-12,159630.12,14503.22,11526.21,2759.95,5785.55,7600.62,145126.91,117454.57,113580.73,0.91,0.74,0.71,Non-Prime Members,Amazon Prime Video,Marketing
2021-12,190751.07,38147.44,13584.67,5899.08,12039.48,8841.49,152603.63,112238.91,108158.55,0.8,0.59,0.57,Non-Prime Members,Amazon Prime Video,Marketing
2021-12,77184.96,31627.94,25864.29,8166.01,2981.85,2733.23,45557.02,5811.63,2962.31,0.59,0.08,0.04,International Customers,Amazon Prime Video,Sales
2021-12,59974.44,13861.38,28387.11,4184.26,12758.56,1878.57,46113.06,-1095.44,-4951.78,0.77,-0.02,-0.08,Prime Members,Electronics,Marketing
2021-12,161168.1,19675.75,9643.33,6612.36,7559.7,9080.16,141492.34,108596.79,104653.05,0.88,0.67,0.65,International Customers,Amazon Prime Video,Sales
2021-12,136170.97,10496.16,14312.72,7199.78,9748.83,4149.06,125674.81,90264.41,88711.31,0.92,0.66,0.65,Prime Members,Electronics,Marketing
2021-12,176274.32,28750.72,28215.76,2746.09,3165.48,5961.86,147523.6,107434.4,102569.69,0.84,0.61,0.58,International Customers,Amazon Prime Video,Sales
2021-12,70965.86,22050.61,6545.21,9582.99,6385.67,4235.89,48915.25,22165.48,17881.36,0.69,0.31,0.25,Prime Members,Electronics,Marketing
2021-12,169290.1,33934.3,7309.01,13496.46,3166.11,2132.22,135355.8,109251.99,107434.05,0.8,0.65,0.63,Non-Prime Members,Amazon Prime Video,Marketing
2021-12,80244.1,21889.51,9069.77,3972.66,14500.07,6303.98,58354.59,24508.1,22763.44,0.73,0.31,0.28,International Customers,Amazon Prime Video,Sales
2021-12,74548.39,21996.76,19880.32,9771.5,12494.4,5726.27,52551.63,4679.13,3176.49,0.7,0.06,0.04,Business Customers,Amazon Web Services (AWS),Sales
2021-12,74639.87,39727.73,8761.81,10641.61,7975.23,2826.94,34912.14,4706.56,3153.04,0.47,0.06,0.04,Prime Members,Electronics,Marketing
2022-01,172186.21,11925.71,29201.91,7451.35,4906.83,5066.82,160260.49,113633.58,109640.93,0.93,0.66,0.64,Non-Prime Members,Amazon Prime Video,Marketing
2022-01,149779.58,46115.8,16167.86,11114.27,14134.92,8172.53,103663.78,54074.21,51195.59,0.69,0.36,0.34,Business Customers,Amazon Web Services (AWS),AWS
2022-01,128459.81,44090.55,17537.95,7339.51,6479.76,6313.83,84369.26,46698.21,42566.47,0.66,0.36,0.33,Non-Prime Members,Amazon Prime Video,Marketing
2022-01,103824.57,36712.19,11166.47,8560.28,4092.8,1872.26,67112.39,41420.58,37435.56,0.65,0.4,0.36,Prime Members,Electronics,Marketing
2022-01,181580.08,33728.86,16774.01,2095.59,9321.14,5932.19,147851.22,113728.29,110309.84,0.81,0.63,0.61,International Customers,Amazon Prime Video,Sales
2022-01,108866.77,45692.1,21547.84,10992.36,14269.06,7324.64,63174.67,9040.76,5295.29,0.58,0.08,0.05,Non-Prime Members,Amazon Prime Video,Sales
2022-01,172489.92,17413.21,23779.43,10597.45,2049.79,8134.33,155076.71,110515.7,109442.28,0.9,0.64,0.63,International Customers,Amazon Prime Video,Operations
2022-01,115870.24,13158.77,23846.7,2499.21,5095.62,6662.06,102711.47,64607.88,62360.76,0.89,0.56,0.54,International Customers,Amazon Prime Video,Sales
2022-01,106541.66,19580.41,19447.28,6787.25,14199.82,2373.92,86961.26,44152.99,40601.7,0.82,0.41,0.38,Non-Prime Members,Amazon Prime Video,Sales
2022-01,119401.97,41783.13,27608.99,14727.41,4224.12,7391.56,77618.84,23666.75,22629.37,0.65,0.2,0.19,Non-Prime Members,Amazon Prime Video,Sales
2022-01,95206.68,11386.81,25435.2,7469.58,3472.16,7096.08,83819.87,40346.86,39214.95,0.88,0.42,0.41,Non-Prime Members,Amazon Prime Video,Marketing
2022-01,162141.41,33312.27,23926.2,8525.29,9412.43,1219.84,128829.13,85745.36,81337.81,0.79,0.53,0.5,International Customers,Amazon Prime Video,Operations
2022-01,125408.06,49817.5,6390.14,13829.09,13203.97,4705.73,75590.56,37461.63,33725.53,0.6,0.3,0.27,Business Customers,Amazon Web Services (AWS),AWS
2022-01,84831.9,44227.84,5171.95,11324.4,8202.43,3996.55,40604.06,11908.73,9847.25,0.48,0.14,0.12,Prime Members,Electronics,Marketing
2022-01,184936.19,30857.83,10311.18,9566.91,14929.34,7024.71,154078.36,112246.22,108494.37,0.83,0.61,0.59,Business Customers,Amazon Web Services (AWS),AWS
2022-01,107583.68,12545.64,21588.09,12371.46,10829.23,2945.22,95038.05,47304.04,43134.22,0.88,0.44,0.4,International Customers,Amazon Prime Video,Operations
2022-01,131532.93,43254.94,15279.94,13236.76,2962.97,6317.85,88277.99,50480.47,48253.29,0.67,0.38,0.37,Non-Prime Members,Amazon Prime Video,Sales
2022-01,185970.82,33959.14,15060.16,7939.54,14906.82,9218.85,152011.68,104886.3,103742.15,0.82,0.56,0.56,Non-Prime Members,Amazon Prime Video,Marketing
2022-01,143635.7,14597.32,27114.67,8176.41,7302.63,8180.22,129038.38,78264.45,73533.34,0.9,0.54,0.51,Prime Members,Electronics,Sales
2022-01,67534.71,13754.29,27389.07,7018.66,5736.23,9293.12,53780.41,4343.33,1962.61,0.8,0.06,0.03,Prime Members,Electronics,Marketing
2022-01,190974.82,46385.07,27729.38,14567.18,9252.43,9806.55,144589.75,83234.2,81808.27,0.76,0.44,0.43,Business Customers,Amazon Web Services (AWS),Sales
2022-01,144156.21,36768.01,12846.95,11063.16,5956,1096.03,107388.2,76426.05,73458.63,0.74,0.53,0.51,Business Customers,Amazon Web Services (AWS),AWS
2022-01,100235.84,43171.47,22276.4,3081.9,3123.95,6604.67,57064.37,21977.46,17903.58,0.57,0.22,0.18,Prime Members,Electronics,Marketing
2022-01,70890.81,45159.16,11790.83,13218.48,2018.57,4715.55,25731.65,-6011.77,-7898.36,0.36,-0.08,-0.11,International Customers,Amazon Prime Video,Operations
2022-01,169103.78,32870.89,9765.25,8247.28,7844.58,8738.69,136232.88,101637.09,99559.13,0.81,0.6,0.59,Business Customers,Amazon Web Services (AWS),Sales
2022-01,143010.91,30697.85,9615.81,2893.8,12879.22,3266.33,112313.06,83657.89,81687.03,0.79,0.58,0.57,Non-Prime Members,Amazon Prime Video,Marketing
2022-01,130019.16,27217.1,13552.69,9146.32,9440.1,9829.27,102802.07,60833.69,55867,0.79,0.47,0.43,Non-Prime Members,Amazon Prime Video,Marketing
2022-01,184083.89,22677.86,15748.94,7423.14,14989.69,6523.37,161406.02,116720.88,114931.27,0.88,0.63,0.62,International Customers,Amazon Prime Video,Operations
2022-01,168289.58,27383.84,25773.73,13410.74,5729.01,8141.84,140905.74,87850.43,84548.35,0.84,0.52,0.5,Prime Members,Electronics,Marketing
2022-01,72751.23,40955.19,7997.28,4651.93,5645.92,1770.4,31796.05,11730.53,7029.47,0.44,0.16,0.1,Business Customers,Amazon Web Services (AWS),Sales
2022-01,96758.31,34076.94,23373.15,12744.04,4076.74,2651.12,62681.37,19836.32,18248.74,0.65,0.21,0.19,Non-Prime Members,Amazon Prime Video,Sales
2022-02,87273.37,45700.93,18286.37,9249.95,4132.83,7825.63,41572.44,2077.65,-2805.76,0.48,0.02,-0.03,Prime Members,Electronics,Marketing
2022-02,161591.94,27735.2,12198.63,2709.93,5707.43,1197.88,133856.74,112042.87,107252.96,0.83,0.69,0.66,Business Customers,Amazon Web Services (AWS),AWS
2022-02,55029.87,34283.58,17320.49,14633.99,12306.92,8351.9,20746.28,-31867.02,-36405.31,0.38,-0.58,-0.66,International Customers,Amazon Prime Video,Operations
2022-02,135483.45,35252.3,12498.55,8664,13774.84,1125.54,100231.15,64168.22,62310,0.74,0.47,0.46,Non-Prime Members,Amazon Prime Video,Sales
2022-02,164368.8,33667.89,19902.05,5781.4,14676.13,6914.07,130700.92,83427.27,79891.05,0.8,0.51,0.49,International Customers,Amazon Prime Video,Operations
2022-02,181514.85,38105.35,15846.1,8102.29,5019.77,4285.85,143409.49,110155.5,106111.93,0.79,0.61,0.58,International Customers,Amazon Prime Video,Sales
2022-02,101312.26,19497.34,9110.14,13152.15,13456.87,6503.45,81814.92,39592.31,34648.2,0.81,0.39,0.34,International Customers,Amazon Prime Video,Sales
2022-02,173188.6,30494.55,7914.58,5963.74,6267.32,7264.28,142694.04,115284.13,113562.43,0.82,0.67,0.66,Business Customers,Amazon Web Services (AWS),Sales
2022-02,66594.76,14168.99,18667.39,4504.79,3466.93,4082.28,52425.77,21704.38,17640.28,0.79,0.33,0.26,International Customers,Amazon Prime Video,Sales
2022-02,176967.84,25380.45,27560.33,3677.93,13310.32,1971.66,151587.39,105067.15,102711.95,0.86,0.59,0.58,Business Customers,Amazon Web Services (AWS),Sales
2022-02,69123.3,29506.68,13598.94,5872.17,10269.37,1626.81,39616.62,8249.32,6546.81,0.57,0.12,0.09,Business Customers,Amazon Web Services (AWS),Sales
2022-02,109593.09,36088.97,23325,12140.63,4141.5,6300.42,73504.12,27596.57,24911.06,0.67,0.25,0.23,International Customers,Amazon Prime Video,Sales
2022-02,169594.3,48021.24,21466.53,8131.14,7587.81,5685.9,121573.06,78701.68,74526.34,0.72,0.46,0.44,International Customers,Amazon Prime Video,Operations
2022-02,72487.61,34026.04,28288.87,4957.26,5734.35,7679.81,38461.57,-8198.72,-11058.12,0.53,-0.11,-0.15,Prime Members,Electronics,Sales
2022-02,84387.71,39743.76,25524.53,4160.4,11578.33,5587.62,44643.95,-2206.93,-5357.02,0.53,-0.03,-0.06,Non-Prime Members,Amazon Prime Video,Sales
2022-02,158337.89,30250.64,19165.13,6325.48,7894.41,4802.01,128087.24,89900.21,84919.57,0.81,0.57,0.54,Prime Members,Electronics,Marketing
2022-02,158005.48,35364.16,21425.76,14219.02,14860.64,4582.78,122641.32,67553.12,64956.68,0.78,0.43,0.41,Non-Prime Members,Amazon Prime Video,Marketing
2022-02,146172.14,12837.29,27459.66,6459.35,2711.68,1238.02,133334.86,95466.14,92004.54,0.91,0.65,0.63,Non-Prime Members,Amazon Prime Video,Marketing
2022-02,154092.27,20175.66,14987.97,14845.61,6615.2,4020.01,133916.6,93447.81,90986.83,0.87,0.61,0.59,Prime Members,Electronics,Marketing
2022-02,131408.67,24474.12,13169.87,8308,8264.7,9784.18,106934.54,67407.8,64836.65,0.81,0.51,0.49,Prime Members,Electronics,Marketing
2022-02,87769.86,28899.73,5270.28,4329.13,8540.74,8862,58870.12,31867.98,28085.42,0.67,0.36,0.32,Non-Prime Members,Amazon Prime Video,Sales
2022-02,101854.4,11825.95,25663.78,13584.82,6107.17,3964.4,90028.45,40708.28,35956.73,0.88,0.4,0.35,Non-Prime Members,Amazon Prime Video,Sales
2022-02,77239.66,15600.96,25024.52,7984.62,11480.12,6290.16,61638.69,10859.27,7689.84,0.8,0.14,0.1,Non-Prime Members,Amazon Prime Video,Marketing
2022-02,186267.58,21072.57,7611.36,11225.73,13371.71,8625.67,165195.01,124360.54,120286.94,0.89,0.67,0.65,Business Customers,Amazon Web Services (AWS),Sales
2022-02,137508.77,48861.31,19421.43,14788.25,14203.35,4971.47,88647.46,35262.96,33906.13,0.64,0.26,0.25,Non-Prime Members,Amazon Prime Video,Marketing
2022-02,110127.71,23253.88,16599.54,2652.28,12466.21,1161.62,86873.83,53994.18,52149.54,0.79,0.49,0.47,International Customers,Amazon Prime Video,Sales
2022-02,119300.87,29281.64,7967.73,3257.03,13057.54,1670.59,90019.23,64066.33,61057.81,0.75,0.54,0.51,International Customers,Amazon Prime Video,Sales
2022-02,192092.5,17843.91,29514.21,11365.94,9157.09,5593.53,174248.59,118617.83,117537.78,0.91,0.62,0.61,International Customers,Amazon Prime Video,Sales
2022-03,73002.71,34431.2,10367.4,5663.73,12736.55,9724.95,38571.51,78.88,-1932.54,0.53,0,-0.03,Prime Members,Electronics,Marketing
2022-03,137934.47,21227.33,6680.85,4395.92,5945.55,7238.89,116707.15,92445.94,89376.33,0.85,0.67,0.65,Prime Members,Electronics,Marketing
2022-03,125883.3,18279.7,19871.18,2511.7,7180.22,1638.25,107603.6,76402.24,75342.4,0.85,0.61,0.6,Prime Members,Electronics,Sales
2022-03,141718.14,30662.91,23471.67,2284.01,6119.87,2704.25,111055.23,76475.44,74417.25,0.78,0.54,0.53,Non-Prime Members,Amazon Prime Video,Marketing
2022-03,52716.53,10220.23,5811.09,12068.31,8076.04,7941.91,42496.3,8598.95,5542.83,0.81,0.16,0.11,International Customers,Amazon Prime Video,Operations
2022-03,180818.59,10306.56,21467.94,3747.63,5712.54,8572.96,170512.03,131010.96,127718.36,0.94,0.72,0.71,Non-Prime Members,Amazon Prime Video,Sales
2022-03,189817.74,18762.75,18307.3,8080.37,14500.95,6559.25,171054.99,123607.13,118904.12,0.9,0.65,0.63,Business Customers,Amazon Web Services (AWS),AWS
2022-03,134769.98,11468.85,7581.63,9876.66,6066.98,6799.81,123301.12,92976.05,89394.67,0.91,0.69,0.66,Business Customers,Amazon Web Services (AWS),Sales
2022-03,154497.62,14321.03,9313.1,7568.57,3274.58,1255.04,140176.59,118765.31,116106.36,0.91,0.77,0.75,Prime Members,Electronics,Sales
2022-03,188374.91,23554.43,19199.36,2352.39,8848.62,8456.77,164820.48,125963.34,121241.94,0.87,0.67,0.64,Business Customers,Amazon Web Services (AWS),Sales
2022-03,156085.8,42103.43,12408.94,12185.52,2742.29,8094.48,113982.37,78551.14,74411.61,0.73,0.5,0.48,International Customers,Amazon Prime Video,Sales
2022-03,72880.86,32881.95,28457.89,2136.67,3437.06,3331.32,39998.91,2635.97,835.93,0.55,0.04,0.01,Business Customers,Amazon Web Services (AWS),AWS
2022-03,136443.25,30506.71,25468.51,11904.57,4852.06,7378.09,105936.55,56333.32,54809.95,0.78,0.41,0.4,Prime Members,Electronics,Marketing
2022-03,141007.26,21739.55,29589.18,13612.96,8036.55,2933.69,119267.7,65095.32,61392.07,0.85,0.46,0.44,Non-Prime Members,Amazon Prime Video,Marketing
2022-03,113619.6,47270.15,11491.77,7626.92,7632.26,1362.97,66349.45,38235.53,34996,0.58,0.34,0.31,Business Customers,Amazon Web Services (AWS),AWS
2022-03,160466.64,25880.6,29243.09,8962.05,12395.99,2810.23,134586.03,81174.67,77015.97,0.84,0.51,0.48,International Customers,Amazon Prime Video,Operations
2022-03,190155.05,13483.71,15780.85,8200.78,11613.17,2607.66,176671.34,138468.88,134513.66,0.93,0.73,0.71,International Customers,Amazon Prime Video,Sales
2022-03,188835.28,34682.66,13687.97,7059.71,7542.14,4039.73,154152.62,121823.06,118322.22,0.82,0.65,0.63,International Customers,Amazon Prime Video,Operations
2022-03,117625.91,14553.54,6258.74,13536.52,6338.15,4766.05,103072.37,72172.91,67227.38,0.88,0.61,0.57,Non-Prime Members,Amazon Prime Video,Sales
2022-03,66985.71,23808.93,6319.13,13621.14,6114.09,5576.85,43176.78,11545.57,8411.21,0.64,0.17,0.13,International Customers,Amazon Prime Video,Sales
2022-03,197726.18,30296.48,22300.28,6365.61,12061.94,5290.78,167429.7,121411.09,119958.66,0.85,0.61,0.61,Prime Members,Electronics,Sales
2022-03,175834.71,44968.9,16448.22,9995.91,2676.94,3436.07,130865.81,98308.67,93995.57,0.74,0.56,0.53,Prime Members,Electronics,Marketing
2022-03,68699.4,29741.86,10663.04,14049.8,2166.68,1262.54,38957.54,10815.48,8808.07,0.57,0.16,0.13,International Customers,Amazon Prime Video,Sales
2022-03,188126.28,38090.35,20349.26,14506.76,12342.08,6445.91,150035.93,96391.92,92282.71,0.8,0.51,0.49,Business Customers,Amazon Web Services (AWS),AWS
2022-03,180484.45,49712.67,11321.45,8616.47,8202.9,4561.7,130771.78,98069.25,93240.83,0.72,0.54,0.52,International Customers,Amazon Prime Video,Sales
2022-03,127825.71,15259.56,19440.79,7886.72,3701.45,3688.05,112566.14,77849.12,74061.94,0.88,0.61,0.58,Prime Members,Electronics,Sales
2022-03,138691.32,20989.26,13980.22,5623.03,5062.36,8802.47,117702.05,84233.98,80849.86,0.85,0.61,0.58,Prime Members,Electronics,Marketing
2022-03,109850.41,25783.04,25588.81,14465.33,14122.55,7720.69,84067.36,22169.98,19328.44,0.77,0.2,0.18,Prime Members,Electronics,Marketing
2022-03,58214.25,26873.13,25517.4,3856.59,13173.54,8719.89,31341.12,-19926.3,-22383.94,0.54,-0.34,-0.38,Business Customers,Amazon Web Services (AWS),AWS
2022-03,100279.59,26440.84,16933.76,9537.78,11227.21,5454.85,73838.74,30685.15,28273.13,0.74,0.31,0.28,Business Customers,Amazon Web Services (AWS),AWS
2022-03,170428.02,46304.44,13770.48,5673.15,8268.93,2178.38,124123.58,94232.64,90687.15,0.73,0.55,0.53,Business Customers,Amazon Web Services (AWS),Sales
2022-04,50694.8,38561.31,14063.99,5627.11,8764.21,7265.99,12133.5,-23587.81,-27592.9,0.24,-0.47,-0.54,Prime Members,Electronics,Sales
2022-04,100024.88,34316.21,25142.86,7264.59,14678.18,2854.66,65708.67,15768.37,12054.3,0.66,0.16,0.12,Non-Prime Members,Amazon Prime Video,Marketing
2022-04,109725.3,22374.91,13204.49,14984.31,14555.02,4971.07,87350.4,39635.52,37841.88,0.8,0.36,0.34,International Customers,Amazon Prime Video,Sales
2022-04,130609.34,42951.62,10226.48,2714.56,4798.5,1585.01,87657.73,68333.17,65357.23,0.67,0.52,0.5,International Customers,Amazon Prime Video,Operations
2022-04,187978.34,48202.42,7117.21,9521.04,12544.36,8427.78,139775.92,102165.53,97998.97,0.74,0.54,0.52,Prime Members,Electronics,Sales
2022-04,101951.9,42847.93,16667.33,3073.44,4564.15,2133.47,59103.97,32665.58,29762.77,0.58,0.32,0.29,Business Customers,Amazon Web Services (AWS),Sales
2022-04,102042.98,10062.6,17053.3,4008.77,4775.99,9127.88,91980.38,57014.44,53867.94,0.9,0.56,0.53,Non-Prime Members,Amazon Prime Video,Marketing
2022-04,160625.19,35456.05,26022.72,7714.32,10789.21,8778.08,125169.13,71864.81,67780.27,0.78,0.45,0.42,Non-Prime Members,Amazon Prime Video,Marketing
2022-04,117832.69,12045.42,10530.97,8635.98,7265.01,5181.24,105787.28,74174.07,70529.01,0.9,0.63,0.6,Business Customers,Amazon Web Services (AWS),AWS
2022-04,83690.72,20304.29,14524.78,5364.3,14110.08,7699.31,63386.43,21687.96,19050.58,0.76,0.26,0.23,International Customers,Amazon Prime Video,Operations
2022-04,117865.93,12380.99,25210.14,6113.94,3157.13,6575.01,105484.94,64428.72,59847.07,0.89,0.55,0.51,International Customers,Amazon Prime Video,Operations
2022-04,71128.55,34151.82,25590.59,3130.57,8649.83,8227.68,36976.73,-8621.94,-10272.21,0.52,-0.12,-0.14,Non-Prime Members,Amazon Prime Video,Sales
2022-04,76458.05,37463.6,14615.28,5941.86,13940.78,4886.25,38994.45,-389.71,-5371.77,0.51,-0.01,-0.07,Non-Prime Members,Amazon Prime Video,Sales
2022-04,124755.17,14579.51,16478.1,14565.26,13753.48,8072.28,110175.66,57306.55,55831.14,0.88,0.46,0.45,Business Customers,Amazon Web Services (AWS),AWS
2022-04,112838.82,25353.56,12582.15,14281.2,4034.88,5162.11,87485.26,51424.93,50365.13,0.78,0.46,0.45,International Customers,Amazon Prime Video,Sales
2022-04,187226.89,28249.46,28313.87,6353.42,6766.29,9468.69,158977.42,108075.15,103515.08,0.85,0.58,0.55,Non-Prime Members,Amazon Prime Video,Marketing
2022-04,104359.08,24762.12,7966.09,9421.1,10048.58,5377.35,79596.96,46783.84,44804.03,0.76,0.45,0.43,International Customers,Amazon Prime Video,Sales
2022-04,137088.25,14841,28343.74,13824.74,4072.13,5163.57,122247.25,70843.07,66924.27,0.89,0.52,0.49,Non-Prime Members,Amazon Prime Video,Sales
2022-04,144839.64,26757.91,22096.66,2080.39,14584.29,8065.65,118081.73,71254.75,67010.68,0.82,0.49,0.46,Business Customers,Amazon Web Services (AWS),AWS
2022-04,51964.17,40047.12,18289.3,12538.89,13891.74,8394.2,11917.05,-41197.08,-45633.03,0.23,-0.79,-0.88,International Customers,Amazon Prime Video,Sales
2022-04,149530.61,12840.31,5816.48,14328.8,4170.35,5990.4,136690.3,106384.26,101417.89,0.91,0.71,0.68,Non-Prime Members,Amazon Prime Video,Sales
2022-04,76705.4,13207.2,16889.9,3187.23,3575.02,2618.18,63498.19,37227.85,35051.69,0.83,0.49,0.46,Non-Prime Members,Amazon Prime Video,Sales
2022-04,194160.55,24190.85,15193.7,4098.82,3110.31,5209.82,169969.7,142357.04,138516.07,0.88,0.73,0.71,Non-Prime Members,Amazon Prime Video,Sales
2022-04,72299.41,47669.03,9030.47,14489.7,13822.77,9712.65,24630.38,-22425.21,-23886.81,0.34,-0.31,-0.33,Non-Prime Members,Amazon Prime Video,Marketing
2022-04,112193.62,36742.91,21410.24,8988.02,4517.11,7776.88,75450.71,32758.47,30131.23,0.67,0.29,0.27,Business Customers,Amazon Web Services (AWS),Sales
2022-04,62802.45,37146.8,29278.77,2184.56,7411.7,8300.46,25655.65,-21519.84,-25911.73,0.41,-0.34,-0.41,International Customers,Amazon Prime Video,Operations
2022-04,199531.14,24476.8,19054.72,5349.22,7835.07,1295.43,175054.34,141519.9,139049.27,0.88,0.71,0.7,International Customers,Amazon Prime Video,Operations
2022-04,125329.25,33746.43,22868.83,7849.27,9787.14,5210.74,91582.82,45866.84,42502.46,0.73,0.37,0.34,Prime Members,Electronics,Marketing
2022-04,139307.75,10405.25,6711.26,11007.82,2932.56,6819.59,128902.51,101431.28,98416.18,0.93,0.73,0.71,International Customers,Amazon Prime Video,Sales
2022-04,60061.47,35443.84,15441.67,11531.08,4947.86,8470.29,24617.63,-15773.29,-19357.09,0.41,-0.26,-0.32,Prime Members,Electronics,Sales
2022-05,162494.07,46531.48,7908.96,14940.48,14109.38,1443.46,115962.59,77560.31,72668.74,0.71,0.48,0.45,Non-Prime Members,Amazon Prime Video,Sales
2022-05,81485.84,34502.94,20319.9,5737.65,13809.33,8671.95,46982.9,-1555.92,-2778.86,0.58,-0.02,-0.03,Business Customers,Amazon Web Services (AWS),AWS
2022-05,184708.14,44947.94,28462.05,8996.86,12156.78,5935.61,139760.2,84208.9,80913.05,0.76,0.46,0.44,Business Customers,Amazon Web Services (AWS),Sales
2022-05,80770.95,38958.92,21544.44,8933.21,2252.22,2775.83,41812.02,6306.33,1854.22,0.52,0.08,0.02,Non-Prime Members,Amazon Prime Video,Marketing
2022-05,78603.16,14822.34,6920.08,7273.39,6251.09,3855.3,63780.82,39480.97,36555.44,0.81,0.5,0.47,Prime Members,Electronics,Sales
2022-05,55482.45,46098.13,13866.66,4199.1,10163.46,3537.37,9384.32,-22382.27,-23696.38,0.17,-0.4,-0.43,Non-Prime Members,Amazon Prime Video,Sales
2022-05,120810.04,12657.75,18766.58,14706.94,5577.47,5777.73,108152.29,63323.56,60081.41,0.9,0.52,0.5,Business Customers,Amazon Web Services (AWS),Sales
2022-05,134726.17,31358.7,15080.19,13093.12,13824.63,1465.17,103367.47,59904.36,57576.06,0.77,0.44,0.43,Business Customers,Amazon Web Services (AWS),Sales
2022-05,59856.3,15685.48,25841.1,8478.33,10240.56,2426.83,44170.81,-2816.01,-4435.77,0.74,-0.05,-0.07,International Customers,Amazon Prime Video,Operations
2022-05,166329.14,10468.26,25366.78,9842.19,2934.79,8314.24,155860.88,109402.89,105006.75,0.94,0.66,0.63,Prime Members,Electronics,Sales
2022-05,117993.33,26881.37,20295.78,4954.39,13817.07,2193.44,91111.95,49851.28,46764.88,0.77,0.42,0.4,International Customers,Amazon Prime Video,Sales
2022-05,128658.54,21801.63,14336.45,9069.23,14450.97,3100.57,106856.91,65899.7,61166.59,0.83,0.51,0.48,Business Customers,Amazon Web Services (AWS),Sales
2022-05,116114.41,29440.02,11383.41,11034.61,3010.26,5080.34,86674.39,56165.77,51941.71,0.75,0.48,0.45,Business Customers,Amazon Web Services (AWS),Sales
2022-05,110114.46,33088,7646.86,8697.17,8920.68,5654.09,77026.46,46107.66,42335.78,0.7,0.42,0.38,International Customers,Amazon Prime Video,Sales
2022-05,133946.05,11749.56,13872.44,14873.71,5943.74,7872.49,122196.49,79634.11,78614.01,0.91,0.59,0.59,International Customers,Amazon Prime Video,Sales
2022-05,73286.04,14920.13,15329.31,9947.44,7106.91,5025.99,58365.91,20956.25,18244.96,0.8,0.29,0.25,Business Customers,Amazon Web Services (AWS),AWS
2022-05,77289.22,32345.7,21895.57,6822.66,4335.47,8108.78,44943.52,3781.04,1991.1,0.58,0.05,0.03,International Customers,Amazon Prime Video,Sales
2022-05,179267.84,23726.69,21454,12037.98,9514.94,6565.12,155541.15,105969.12,101325.93,0.87,0.59,0.57,International Customers,Amazon Prime Video,Operations
2022-05,191917.32,39166.94,6752.7,4216.01,14453.73,2017.9,152750.38,125310.03,123611.7,0.8,0.65,0.64,Prime Members,Electronics,Marketing
2022-05,105996.4,36091.67,14881.48,6998.71,8539.94,2406.98,69904.73,37077.62,34933.38,0.66,0.35,0.33,Business Customers,Amazon Web Services (AWS),Sales
2022-05,90611.7,43824.17,9544.47,6510.47,3077.89,4933.3,46787.53,22721.4,19654.05,0.52,0.25,0.22,Non-Prime Members,Amazon Prime Video,Sales
2022-05,146599.93,37699.71,8920.32,7613.49,10060.02,4572,108900.22,77734.39,75680.93,0.74,0.53,0.52,Prime Members,Electronics,Sales
2022-05,111310.13,27197.24,25682.55,12163.14,6422.9,7691.9,84112.88,32152.39,30312.94,0.76,0.29,0.27,Non-Prime Members,Amazon Prime Video,Sales
2022-05,53807.95,36918.66,6047.88,8294.25,13127.03,6226.63,16889.29,-16806.5,-20202.9,0.31,-0.31,-0.38,International Customers,Amazon Prime Video,Operations
2022-05,73422.89,21015.25,15479.57,12322.19,7650.82,4493.2,52407.64,12461.87,11106.15,0.71,0.17,0.15,International Customers,Amazon Prime Video,Operations
2022-05,157395.83,22252.54,9205.09,9494.36,4506.91,2536.84,135143.29,109400.09,108167.42,0.86,0.7,0.69,Non-Prime Members,Amazon Prime Video,Marketing
2022-05,148838.59,41559.41,26983.26,6446.9,4484.37,3041.53,107279.18,66323.12,63834.14,0.72,0.45,0.43,International Customers,Amazon Prime Video,Sales
2022-05,54064.4,27856.78,18926.01,12529.72,11993.93,6179.51,26207.62,-23421.56,-27304.22,0.48,-0.43,-0.51,International Customers,Amazon Prime Video,Sales
2022-05,83295.82,41935.21,10784.52,5097.77,5452.64,4810.95,41360.61,15214.74,11995.51,0.5,0.18,0.14,Prime Members,Electronics,Marketing
2022-05,84661.22,42896.89,17560.68,4916.98,11974.03,5634.35,41764.32,1678.28,-1013.22,0.49,0.02,-0.01,Non-Prime Members,Amazon Prime Video,Sales
2022-05,150783.91,44302.49,23287.16,8558.54,4676.54,2536.1,106481.42,67423.09,64160.08,0.71,0.45,0.43,Prime Members,Electronics,Marketing
2022-06,52956.58,46665.41,28952.95,5391.04,6181.92,6966.16,6291.17,-41200.9,-43662.7,0.12,-0.78,-0.82,Non-Prime Members,Amazon Prime Video,Marketing
2022-06,65616.29,27239.41,10511.15,2118.13,8051.33,8672.85,38376.88,9023.42,4278.83,0.58,0.14,0.07,Prime Members,Electronics,Marketing
2022-06,169987.41,22754.67,27154.54,10427.87,14261.55,3321.46,147232.74,92067.33,90847.71,0.87,0.54,0.53,Business Customers,Amazon Web Services (AWS),Sales
2022-06,76781.7,33287.95,28357.6,8644.22,14112.51,5423.63,43493.75,-13044.21,-16737.78,0.57,-0.17,-0.22,Business Customers,Amazon Web Services (AWS),AWS
2022-06,147911.92,24846.9,27910.51,7791.73,4689.33,9779.75,123065.02,72893.69,68328.56,0.83,0.49,0.46,Non-Prime Members,Amazon Prime Video,Sales
2022-06,85727.42,34042.97,20885.36,14570.59,6656.85,3999.18,51684.45,5572.48,1356.94,0.6,0.07,0.02,Business Customers,Amazon Web Services (AWS),AWS
2022-06,64916.21,38223.43,20745.52,9425.59,3942.19,6355.42,26692.77,-13775.94,-15512.1,0.41,-0.21,-0.24,Prime Members,Electronics,Sales
2022-06,86475.83,37536.2,15080.27,13224.61,8629.81,1811.76,48939.63,10193.18,8009.48,0.57,0.12,0.09,Non-Prime Members,Amazon Prime Video,Sales
2022-06,158340.04,24982.12,23809.95,3812.85,7987.57,6454.14,133357.92,91293.42,87425.22,0.84,0.58,0.55,Business Customers,Amazon Web Services (AWS),AWS
2022-06,178354.47,16674.41,18282.35,9399.68,13709.88,1806.69,161680.06,118481.46,117144.38,0.91,0.66,0.66,Business Customers,Amazon Web Services (AWS),Sales
2022-06,174532.98,27221.17,21935.95,13283.74,14090.07,9633.12,147311.81,88368.93,84121.48,0.84,0.51,0.48,Non-Prime Members,Amazon Prime Video,Sales
2022-06,109577.53,15703.77,15711.45,9580.37,6986.38,7440.96,93873.76,54154.6,50278.97,0.86,0.49,0.46,Business Customers,Amazon Web Services (AWS),AWS
2022-06,150212.77,45603.88,23287.41,11334.18,8392.59,8093.44,104608.89,53501.26,49582.84,0.7,0.36,0.33,Business Customers,Amazon Web Services (AWS),AWS
2022-06,80747.64,23835.1,25611.79,6836.57,13651.07,7336.94,56912.55,3476.18,2075.22,0.7,0.04,0.03,Non-Prime Members,Amazon Prime Video,Marketing
2022-06,93972.16,16178.39,8660.91,3201.84,12487.2,6307.56,77793.77,47136.26,43265.21,0.83,0.5,0.46,Business Customers,Amazon Web Services (AWS),AWS
2022-06,184450.37,11017.91,25823.24,7952.7,2047.53,5049.22,173432.46,132559.77,128840.5,0.94,0.72,0.7,Business Customers,Amazon Web Services (AWS),Sales
2022-06,51950.29,35832.9,18507.41,7128.23,6160.77,8725.36,16117.39,-24404.39,-28728.08,0.31,-0.47,-0.55,Business Customers,Amazon Web Services (AWS),AWS
2022-06,62826.28,35476.09,26116.65,13271.78,7483.07,9611.52,27350.19,-29132.83,-30299.21,0.44,-0.46,-0.48,Business Customers,Amazon Web Services (AWS),AWS
2022-06,81182.94,23624.17,15782.54,5171.94,4986.31,5491.33,57558.77,26126.65,25034.21,0.71,0.32,0.31,International Customers,Amazon Prime Video,Sales
2022-06,53979.83,12868.48,14476.01,14567.54,4594.43,9383.82,41111.36,-1910.45,-4402.48,0.76,-0.04,-0.08,Non-Prime Members,Amazon Prime Video,Marketing
2022-06,77215.32,26385.16,27876.52,14455.8,2491.2,6250,50830.16,-243.35,-1838.5,0.66,0,-0.02,International Customers,Amazon Prime Video,Operations
2022-06,137456.23,22448.7,11279.23,5219.21,10363.81,5845.46,115007.53,82299.83,79066.29,0.84,0.6,0.58,International Customers,Amazon Prime Video,Sales
2022-06,113213.68,37084.83,26105.31,6524.68,5412.63,5090.34,76128.86,32995.9,28326.5,0.67,0.29,0.25,Prime Members,Electronics,Sales
2022-06,183900.76,34231.17,17100.51,13642.22,2680.51,2883.59,149669.59,113362.74,110796.83,0.81,0.62,0.6,International Customers,Amazon Prime Video,Sales
2022-06,172616.53,24583.75,17852.39,14566.09,5002.73,1033.48,148032.79,109578.1,105198.3,0.86,0.63,0.61,International Customers,Amazon Prime Video,Operations
2022-06,101272.6,18715.7,12711.71,7764.71,12424.88,3173.56,82556.9,46482.05,45481.08,0.82,0.46,0.45,Prime Members,Electronics,Marketing
2022-06,88913.52,49521.44,19326.06,6172.96,13069.36,5587.51,39392.08,-4763.81,-6437.87,0.44,-0.05,-0.07,Business Customers,Amazon Web Services (AWS),AWS
2022-06,106953.86,28160.06,13130.28,8839.22,8279.86,4419.64,78793.8,44124.79,43003.1,0.74,0.41,0.4,Business Customers,Amazon Web Services (AWS),Sales
2022-06,138544.24,37530.97,5981.74,10941,7408.92,5036.37,101013.27,71645.25,69332.66,0.73,0.52,0.5,International Customers,Amazon Prime Video,Operations
2022-06,90209.55,15622.12,11799.97,5555.17,14712.1,9825.83,74587.43,32694.36,28061.6,0.83,0.36,0.31,Prime Members,Electronics,Marketing
2022-07,143622.34,29423.59,5159.48,11574.15,4607.34,4152.45,114198.75,88705.33,87317.52,0.8,0.62,0.61,Business Customers,Amazon Web Services (AWS),Sales
2022-07,111411.75,11101.47,29458.87,2671.55,4799.67,5069.65,100310.28,58310.55,54884.91,0.9,0.52,0.49,Prime Members,Electronics,Sales
2022-07,132807.08,30218.2,29143.68,2640.83,5794.27,2201.64,102588.87,62808.45,60002.47,0.77,0.47,0.45,Non-Prime Members,Amazon Prime Video,Sales
2022-07,115418.98,48560.7,14878.88,7021.74,4245.85,1431.62,66858.28,39280.2,34526.32,0.58,0.34,0.3,Non-Prime Members,Amazon Prime Video,Marketing
2022-07,94169.86,25368.27,23209.27,6595.15,6931.75,7978.69,68801.6,24086.73,22596.66,0.73,0.26,0.24,Non-Prime Members,Amazon Prime Video,Marketing
2022-07,192268,11559.84,13645.15,6103.23,13840.84,6136.15,180708.16,140982.78,139134.67,0.94,0.73,0.72,Non-Prime Members,Amazon Prime Video,Marketing
2022-07,164540.87,11238.23,21777.33,8383.26,9999.52,7846.34,153302.64,105296.19,104178.02,0.93,0.64,0.63,International Customers,Amazon Prime Video,Sales
2022-07,71016.98,25519.47,25135.75,6169.54,7355.31,2348.77,45497.51,4488.15,1752.41,0.64,0.06,0.02,Non-Prime Members,Amazon Prime Video,Sales
2022-07,180270.2,16401,28668.91,4499.35,14147.34,6146.46,163869.2,110407.14,108295.81,0.91,0.61,0.6,Non-Prime Members,Amazon Prime Video,Marketing
2022-07,123114.68,10934.08,15005.31,6023.1,2630.04,3282.78,112180.6,85239.37,80759.74,0.91,0.69,0.66,Prime Members,Electronics,Marketing
2022-07,184182.83,40248.54,24582.45,14673.76,4733.59,3052.56,143934.29,96891.94,93472.17,0.78,0.53,0.51,Business Customers,Amazon Web Services (AWS),Sales
2022-07,169978.29,28340.92,11648.21,7344.47,9356.55,1103.73,141637.37,112184.4,108728.03,0.83,0.66,0.64,Prime Members,Electronics,Marketing
2022-07,113782.03,21569.79,29758.31,7781.27,10002.18,2173.07,92212.23,42497.41,39369.77,0.81,0.37,0.35,International Customers,Amazon Prime Video,Sales
2022-07,53370.4,46003.33,5644.24,9495.08,2514.25,3783.41,7367.07,-14069.92,-15437.32,0.14,-0.26,-0.29,Non-Prime Members,Amazon Prime Video,Sales
2022-07,90301.6,14645.56,20088.22,14783.43,7239.5,2051.91,75656.05,31492.98,28712.91,0.84,0.35,0.32,Business Customers,Amazon Web Services (AWS),AWS
2022-07,131245.13,48236.75,21487.65,5140.82,10439,9872.73,83008.38,36068.19,31070.16,0.63,0.27,0.24,Business Customers,Amazon Web Services (AWS),AWS
2022-07,145021.73,22558.67,22201.14,10856.67,11074.92,3777.69,122463.06,74552.65,70211.73,0.84,0.51,0.48,Non-Prime Members,Amazon Prime Video,Sales
2022-07,88683.15,45536.15,8009.69,11307.8,10295.82,2172.92,43147.01,11360.78,6786.94,0.49,0.13,0.08,Non-Prime Members,Amazon Prime Video,Sales
2022-07,70903.41,34117.72,28463.24,9895.22,6167.32,2791.74,36785.7,-10531.83,-14824.73,0.52,-0.15,-0.21,International Customers,Amazon Prime Video,Operations
2022-07,175239.54,43068.29,9529.58,3151.52,3215.76,6289.33,132171.24,109985.05,108572.88,0.75,0.63,0.62,International Customers,Amazon Prime Video,Operations
2022-07,197660.33,49360.53,20568.84,10799.34,7552.46,1576.39,148299.8,107802.77,105892.98,0.75,0.55,0.54,Non-Prime Members,Amazon Prime Video,Sales
2022-07,128853.53,21536.22,10566.9,2833.23,3673.81,8761.91,107317.31,81481.46,80468.98,0.83,0.63,0.62,Non-Prime Members,Amazon Prime Video,Sales
2022-07,75751.89,48445.42,12680.41,9749.85,14319.11,9653.5,27306.47,-19096.4,-21310.44,0.36,-0.25,-0.28,Non-Prime Members,Amazon Prime Video,Sales
2022-07,90846.1,25579.28,18661.46,11614.56,8177.22,3220.73,65266.82,23592.86,22158.43,0.72,0.26,0.24,Non-Prime Members,Amazon Prime Video,Marketing
2022-07,52758.6,25420.48,15429.84,4742.61,6124.37,5050.86,27338.13,-4009.55,-6900.72,0.52,-0.08,-0.13,Business Customers,Amazon Web Services (AWS),Sales
2022-07,187144.82,23615.48,9005.64,12941.09,11961.95,1199.21,163529.34,128421.45,124712.94,0.87,0.69,0.67,International Customers,Amazon Prime Video,Operations
2022-07,67662.66,31656.3,9273.41,2394.6,8473.33,6766.39,36006.36,9098.62,4600.6,0.53,0.13,0.07,Non-Prime Members,Amazon Prime Video,Marketing
2022-07,136477.47,16165.8,15453.62,12969.57,6030.44,4725.33,120311.67,81132.71,77135.84,0.88,0.59,0.57,Non-Prime Members,Amazon Prime Video,Sales
2022-07,91108.28,32148.46,23932.07,7984.28,12555.58,3430.53,58959.82,11057.36,6303.02,0.65,0.12,0.07,Business Customers,Amazon Web Services (AWS),Sales
2022-07,133126.7,31668.19,27449.12,4828.64,13272.98,2861.53,101458.51,53046.24,51830.64,0.76,0.4,0.39,Prime Members,Electronics,Sales
2022-07,147713.06,40476.07,7103.19,3739.12,10749.11,6886.21,107236.99,78759.36,77710.65,0.73,0.53,0.53,Non-Prime Members,Amazon Prime Video,Marketing
2022-08,174461.27,43346,14827.6,14392.99,2610.54,4745.95,131115.27,94538.19,90892.84,0.75,0.54,0.52,Business Customers,Amazon Web Services (AWS),Sales
2022-08,80963.19,27617.65,7506.14,2944.65,9362.2,2616.93,53345.54,30915.61,28758.2,0.66,0.38,0.36,Business Customers,Amazon Web Services (AWS),Sales
2022-08,51649.37,22093.33,5414.81,4588.21,11922.83,7201.98,29556.04,428.2,-1585.8,0.57,0.01,-0.03,Prime Members,Electronics,Marketing
2022-08,70532.84,20373.4,21542.97,6521.69,3774.54,6085.65,50159.45,12234.6,9911.05,0.71,0.17,0.14,International Customers,Amazon Prime Video,Sales
2022-08,185002.8,17784.95,20061.24,10063.05,4972.72,8728.05,167217.84,123392.79,121313.6,0.9,0.67,0.66,International Customers,Amazon Prime Video,Sales
2022-08,181083.51,12305.9,9075.48,9082.41,13472.44,2057.28,168777.61,135090,132044.25,0.93,0.75,0.73,International Customers,Amazon Prime Video,Sales
2022-08,139611.97,23697.92,10845.32,3633.37,2261.58,8071,115914.05,91102.78,88342.18,0.83,0.65,0.63,Non-Prime Members,Amazon Prime Video,Sales
2022-08,140077.53,20809.91,5592.69,5766.46,11785.45,7061.65,119267.62,89061.36,86011.65,0.85,0.64,0.61,International Customers,Amazon Prime Video,Sales
2022-08,149755.5,48656.7,25873.68,5103.77,8159.05,2035.1,101098.81,59927.2,56236.35,0.68,0.4,0.38,Non-Prime Members,Amazon Prime Video,Sales
2022-08,76305.69,32308.35,29367.26,4776.06,7808.04,7253.39,43997.34,-5207.41,-7755.93,0.58,-0.07,-0.1,Non-Prime Members,Amazon Prime Video,Sales
2022-08,187161.79,23891.08,8386.49,7344.88,2092.25,4973.93,163270.71,140473.17,138467.93,0.87,0.75,0.74,Business Customers,Amazon Web Services (AWS),Sales
2022-08,112815.58,33218.7,10786.88,11152.41,12652.18,9504.86,79596.87,35500.55,33835.74,0.71,0.31,0.3,International Customers,Amazon Prime Video,Sales
2022-08,107470.78,15567.87,26710.24,4826.89,6677.72,2274.5,91902.91,51413.56,49015.66,0.86,0.48,0.46,International Customers,Amazon Prime Video,Operations
2022-08,127837.66,27761.75,28161.59,6766.83,9029.95,6785.5,100075.91,49332.03,45364.81,0.78,0.39,0.35,International Customers,Amazon Prime Video,Sales
2022-08,57044.9,35049.37,15490.68,7081.93,10804.91,4437.82,21995.52,-15819.82,-19846.64,0.39,-0.28,-0.35,Non-Prime Members,Amazon Prime Video,Marketing
2022-08,74942.51,29555.91,6265.56,14693.93,11134.18,9611.33,45386.59,3681.58,13.96,0.61,0.05,0,Non-Prime Members,Amazon Prime Video,Sales
2022-08,160705.04,26071.15,5984.8,14410.66,14427.74,3969.77,134633.89,95840.92,93904.8,0.84,0.6,0.58,International Customers,Amazon Prime Video,Operations
2022-08,62419.8,49753.94,19348.75,12401.79,8907.42,9659.67,12665.86,-37651.76,-41004.11,0.2,-0.6,-0.66,Non-Prime Members,Amazon Prime Video,Sales
2022-08,140472.82,45212.59,14822.38,5141.57,7196.35,9113.37,95260.23,58986.56,55703.8,0.68,0.42,0.4,Non-Prime Members,Amazon Prime Video,Sales
2022-08,86802.37,34936.24,5716.31,2884.49,14398.15,3433.45,51866.13,25433.74,22496.67,0.6,0.29,0.26,Prime Members,Electronics,Sales
2022-08,108394.34,32775.09,19581.31,6119.75,10347.43,8231.88,75619.25,31338.88,28138.96,0.7,0.29,0.26,Prime Members,Electronics,Sales
2022-08,93304.06,34826.42,5282.56,5468.33,5875.95,9960.44,58477.64,31890.36,28923.19,0.63,0.34,0.31,International Customers,Amazon Prime Video,Operations
2022-08,103350.91,18052.48,24684.3,8577.04,3644.04,3273.97,85298.42,45119.09,41857.26,0.83,0.44,0.41,International Customers,Amazon Prime Video,Sales
2022-08,157856.89,25805.51,12660.82,12110.46,12953.21,4930.99,132051.38,89395.89,85533.87,0.84,0.57,0.54,Prime Members,Electronics,Sales
2022-08,94568.26,11578.38,6006.45,13158.2,6708.36,5681.63,82989.88,51435.24,49996.73,0.88,0.54,0.53,Non-Prime Members,Amazon Prime Video,Marketing
2022-08,134960.7,29021.84,19708.81,12983.23,10586.11,3654.38,105938.85,59006.33,55007.83,0.78,0.44,0.41,Non-Prime Members,Amazon Prime Video,Sales
2022-08,121407.56,31720.98,14942.11,6675.78,8120.61,1137.38,89686.58,58810.69,57267.14,0.74,0.48,0.47,Business Customers,Amazon Web Services (AWS),Sales
2022-08,149550.67,19109.99,29345.01,10934.05,4586.09,2981.16,130440.69,82594.38,81327.87,0.87,0.55,0.54,International Customers,Amazon Prime Video,Operations
2022-08,190524.46,48561.15,18604.97,6066.84,9821.93,3537.43,141963.31,103932.14,99027.82,0.75,0.55,0.52,International Customers,Amazon Prime Video,Sales
2022-08,159885.81,46378.18,11880.98,2791.77,2788.88,4992.4,113507.63,91053.6,86225.63,0.71,0.57,0.54,International Customers,Amazon Prime Video,Sales
2022-08,82241.06,38885.73,22735.97,11120.35,7373.45,2539.92,43355.33,-414.37,-1656.11,0.53,-0.01,-0.02,Business Customers,Amazon Web Services (AWS),Sales
2022-09,54677.47,31335.47,11787.3,2127.76,9105.99,8859.29,23342.01,-8538.34,-11311.35,0.43,-0.16,-0.21,Business Customers,Amazon Web Services (AWS),AWS
2022-09,89339.61,44798.77,27606.08,7319.37,7668.61,7344.2,44540.84,-5397.43,-7142.41,0.5,-0.06,-0.08,Non-Prime Members,Amazon Prime Video,Marketing
2022-09,139261.69,15226.09,14368.05,6281.93,11732.74,1766.8,124035.6,89886.07,86944.69,0.89,0.65,0.62,Prime Members,Electronics,Sales
2022-09,57713.87,41620.39,18746.71,11013.91,12763.02,6850.83,16093.48,-33281,-37601.71,0.28,-0.58,-0.65,Prime Members,Electronics,Sales
2022-09,124454.94,14992.83,6264.33,11961.19,12026.16,6882.91,109462.1,72327.52,67525.07,0.88,0.58,0.54,Prime Members,Electronics,Marketing
2022-09,139526.43,41768.43,15653.03,5953.23,2504.57,9605.99,97758,64041.18,60504.17,0.7,0.46,0.43,Non-Prime Members,Amazon Prime Video,Sales
2022-09,100136.58,21030.7,25809.09,12551.15,4523.67,1027.19,79105.88,35194.78,32779.16,0.79,0.35,0.33,Prime Members,Electronics,Sales
2022-09,165636.83,45083.62,25141.22,5820.92,8975.9,3231.39,120553.21,77383.78,73970.48,0.73,0.47,0.45,Business Customers,Amazon Web Services (AWS),AWS
2022-09,65989.74,47761.68,10607.96,7802.24,14152.69,9350.12,18228.05,-23684.96,-25932.97,0.28,-0.36,-0.39,Business Customers,Amazon Web Services (AWS),Sales
2022-09,61270.67,15951.84,10651.98,11451.24,12854.44,9389.21,45318.83,971.97,-3667.33,0.74,0.02,-0.06,International Customers,Amazon Prime Video,Sales
2022-09,159228.31,28507.02,25432.63,11007.96,12952.95,7485.28,130721.29,73842.47,69360.87,0.82,0.46,0.44,Prime Members,Electronics,Marketing
2022-09,124323.7,49239.5,28259.96,14835.79,5941.71,7891.87,75084.2,18154.88,14921.95,0.6,0.15,0.12,Business Customers,Amazon Web Services (AWS),AWS
2022-09,153260.36,29336.3,7384.02,4927.09,7582.82,1823.35,123924.06,102206.78,99907.58,0.81,0.67,0.65,International Customers,Amazon Prime Video,Operations
2022-09,115224.1,44541.9,16251.47,10610.13,8119.18,5624.88,70682.2,30076.54,27902.98,0.61,0.26,0.24,Prime Members,Electronics,Sales
2022-09,86960.3,33549.26,13436.36,9925.86,4045.83,3084.25,53411.04,22918.74,21785.07,0.61,0.26,0.25,Prime Members,Electronics,Sales
2022-09,172865.35,25013.2,26767.21,13896.28,2403.89,2630.96,147852.15,102153.81,97890.53,0.86,0.59,0.57,Business Customers,Amazon Web Services (AWS),Sales
2022-09,169912.38,21431.34,7088.12,4032.71,14309.74,8292.73,148481.04,114757.74,111956.21,0.87,0.68,0.66,International Customers,Amazon Prime Video,Sales
2022-09,154204.47,18128.92,10278.15,11773.38,5129.26,2215.34,136075.55,106679.42,104378.88,0.88,0.69,0.68,International Customers,Amazon Prime Video,Operations
2022-09,90821.77,40471.93,23811.71,9387.49,5119.34,5217.86,50349.84,6813.44,3929,0.55,0.08,0.04,Business Customers,Amazon Web Services (AWS),AWS
2022-09,138534.6,25461.62,6282.35,5570.66,3083.93,9447.2,113072.98,88688.85,84413.89,0.82,0.64,0.61,Business Customers,Amazon Web Services (AWS),Sales
2022-09,104146.08,30451.02,17313.38,8167.65,14070.6,2672.49,73695.07,31470.94,29972.48,0.71,0.3,0.29,Business Customers,Amazon Web Services (AWS),AWS
2022-09,63737.31,29693.02,16052.68,6339.1,9536.58,9801.94,34044.29,-7686,-12116.63,0.53,-0.12,-0.19,Prime Members,Electronics,Marketing
2022-09,187597.04,33091.16,13360.03,9531.07,10671.48,9948.59,154505.88,110994.7,106404.67,0.82,0.59,0.57,Business Customers,Amazon Web Services (AWS),AWS
2022-09,70522.79,44623.09,14864.31,13557.01,13850.5,6000.55,25899.71,-22372.66,-27159.49,0.37,-0.32,-0.39,Business Customers,Amazon Web Services (AWS),Sales
2022-09,192535.6,49229.57,18248.51,9400.96,6493.06,2531.28,143306.03,106632.2,104042.25,0.74,0.55,0.54,Non-Prime Members,Amazon Prime Video,Marketing
2022-09,116900.87,26303.37,9034.18,10212.39,10079.6,3844.94,90597.5,57426.38,55557.82,0.77,0.49,0.48,Business Customers,Amazon Web Services (AWS),AWS
2022-09,77769.94,43100.76,19299.9,8743.72,2504.39,4820.44,34669.18,-699.26,-3193.83,0.45,-0.01,-0.04,Business Customers,Amazon Web Services (AWS),Sales
2022-09,131285.14,40581.11,25135.81,2665.15,4428.04,3783.92,90704.03,54691.11,52359.46,0.69,0.42,0.4,Prime Members,Electronics,Marketing
2022-09,180941.88,32941.16,24004.02,5027.16,12806.2,3525.72,148000.72,102637.62,100933,0.82,0.57,0.56,International Customers,Amazon Prime Video,Sales
2022-09,159833.73,48241.89,8847.5,8396.02,11967.99,9750.07,111591.85,72630.27,69201.2,0.7,0.45,0.43,Prime Members,Electronics,Sales
2022-10,170984.17,18018.98,8731.24,6033.06,6558.35,2380.28,152965.19,129262.26,126355.76,0.89,0.76,0.74,Non-Prime Members,Amazon Prime Video,Sales
2022-10,148817.51,14370.57,11704.36,4362.93,6898.54,7599.95,134446.94,103881.16,99418.36,0.9,0.7,0.67,Business Customers,Amazon Web Services (AWS),AWS
2022-10,153841.48,44158.48,14026.87,8553.73,8936.21,1003.69,109683.01,77162.51,76034.07,0.71,0.5,0.49,Business Customers,Amazon Web Services (AWS),AWS
2022-10,177379.35,27565.99,15211.39,6196.53,2003.13,6365.64,149813.36,120036.66,116461.19,0.84,0.68,0.66,Business Customers,Amazon Web Services (AWS),AWS
2022-10,87450.2,43878.75,21992.43,5355.4,5136.18,9243.49,43571.45,1843.95,-2207.84,0.5,0.02,-0.03,Business Customers,Amazon Web Services (AWS),Sales
2022-10,123413.74,45723.61,6417.01,8031.81,4707.01,3591.41,77690.14,54942.89,50904.95,0.63,0.45,0.41,Business Customers,Amazon Web Services (AWS),Sales
2022-10,83181.42,12498.3,5866.82,3732.7,5256.28,2669.73,70683.11,53157.59,48613.29,0.85,0.64,0.58,Business Customers,Amazon Web Services (AWS),Sales
2022-10,198150.2,45338.59,14797.76,14060.69,12476.78,6865.12,152811.61,104611.26,100695.12,0.77,0.53,0.51,Non-Prime Members,Amazon Prime Video,Sales
2022-10,191608.9,27932.76,22429.09,13280.13,5635.76,7413.41,163676.14,114917.75,110206.51,0.85,0.6,0.58,Business Customers,Amazon Web Services (AWS),AWS
2022-10,55914.02,30417.3,9835.88,11199.07,4489.78,7192.27,25496.72,-7220.28,-9550.91,0.46,-0.13,-0.17,Business Customers,Amazon Web Services (AWS),Sales
2022-10,155836.28,35063.7,21037.61,3380.78,8555.42,3873.85,120772.58,83924.91,80912.07,0.77,0.54,0.52,Business Customers,Amazon Web Services (AWS),Sales
2022-10,188787.25,47055.3,11495.7,12086.4,13253.39,3269.82,141731.94,101626.63,100570.31,0.75,0.54,0.53,Non-Prime Members,Amazon Prime Video,Sales
2022-10,77086.3,10764.64,27152.15,12503.45,5137.55,9603.27,66321.66,11925.24,10897.41,0.86,0.15,0.14,Business Customers,Amazon Web Services (AWS),Sales
2022-10,135191.78,29073.74,27392.25,11980.94,3020.97,9309.7,106118.05,54414.19,52453.68,0.78,0.4,0.39,Non-Prime Members,Amazon Prime Video,Sales
2022-10,187323.24,37508.88,12432.18,3481.56,6633.26,5115.85,149814.36,122151.52,120748.29,0.8,0.65,0.64,Prime Members,Electronics,Sales
2022-10,55091.9,38908.28,10749.84,10370.8,11719.47,8615.74,16183.62,-25272.25,-27313.09,0.29,-0.46,-0.5,Business Customers,Amazon Web Services (AWS),Sales
2022-10,154613.04,37701.3,15282.6,12846.22,9158.98,5070.91,116911.74,74553.03,72844.86,0.76,0.48,0.47,International Customers,Amazon Prime Video,Sales
2022-10,94602.35,15377.41,11013.29,9505.59,12618.31,4819.5,79224.95,41268.25,40154.17,0.84,0.44,0.42,Non-Prime Members,Amazon Prime Video,Sales
2022-10,188659.43,21975.82,21809.6,10403.3,14474.7,2410.87,166683.61,117585.15,112947.93,0.88,0.62,0.6,Prime Members,Electronics,Sales
2022-10,195658.74,24348.62,25651.62,7958.73,12304.61,4837.65,171310.12,120557.51,119524.61,0.88,0.62,0.61,Non-Prime Members,Amazon Prime Video,Sales
2022-10,191639.97,42177.49,21827.3,8873.2,9849.44,5836.75,149462.49,103075.79,99131.47,0.78,0.54,0.52,Non-Prime Members,Amazon Prime Video,Marketing
2022-10,121132.13,21150.39,25608.76,2446.9,8413.44,1202.54,99981.74,62310.1,60701.51,0.83,0.51,0.5,Prime Members,Electronics,Sales
2022-10,179306.4,18428.2,14924.8,10306.52,2520.9,4997.02,160878.2,128128.96,123480.04,0.9,0.71,0.69,Business Customers,Amazon Web Services (AWS),AWS
2022-10,176682.41,48297.92,8907.92,3058.81,14796.19,8032.21,128384.49,93589.36,89018.18,0.73,0.53,0.5,Business Customers,Amazon Web Services (AWS),Sales
2022-10,97865.07,10354.53,23448.77,7655.19,6985.25,7120.41,87510.54,42300.91,38685.3,0.89,0.43,0.4,Non-Prime Members,Amazon Prime Video,Sales
2022-10,174337.32,49912.83,14011.86,5804.52,3978.97,6716.41,124424.49,93912.73,90223.79,0.71,0.54,0.52,Prime Members,Electronics,Sales
2022-10,55551.15,37072.85,21781.77,9090.56,10667.22,9186,18478.29,-32247.25,-33268.61,0.33,-0.58,-0.6,Business Customers,Amazon Web Services (AWS),Sales
2022-10,139440.48,43138.77,11766.1,3734.41,5695.75,1162.29,96301.71,73943.16,69003.68,0.69,0.53,0.49,Non-Prime Members,Amazon Prime Video,Marketing
2022-10,84501.33,21784.78,7030.74,10991.36,9615.12,6013.43,62716.55,29065.9,24554.57,0.74,0.34,0.29,International Customers,Amazon Prime Video,Sales
2022-10,68085.03,10572.61,29814.54,12335.15,9627.98,8086.14,57512.42,-2351.4,-6931.82,0.84,-0.03,-0.1,Prime Members,Electronics,Sales
2022-10,61542.98,39514.78,8905.04,4123.61,7794.49,5872.02,22028.2,-4666.95,-8303.93,0.36,-0.08,-0.13,International Customers,Amazon Prime Video,Operations
2022-11,154443.32,43365.78,29710.52,3356.07,12869.54,3915.06,111077.53,61226.34,58847.19,0.72,0.4,0.38,International Customers,Amazon Prime Video,Sales
2022-11,100981.24,39619.05,29432,3891.7,5444.57,2226.26,61362.2,20367.67,15793.08,0.61,0.2,0.16,Non-Prime Members,Amazon Prime Video,Sales
2022-11,158715.02,15714.01,24845.45,13402.66,7832.22,8988.07,143001,87932.6,85766.53,0.9,0.55,0.54,Prime Members,Electronics,Sales
2022-11,59803.45,40137.12,21485.57,8866.46,8990,5236.86,19666.33,-24912.56,-28163.41,0.33,-0.42,-0.47,Business Customers,Amazon Web Services (AWS),Sales
2022-11,97293.55,40756.91,19445.18,8074.39,10627.12,8903.04,56536.64,9486.91,8087.99,0.58,0.1,0.08,Business Customers,Amazon Web Services (AWS),AWS
2022-11,130923.69,36341.62,26652.54,3387.25,12191.63,6272.67,94582.07,46077.98,41390.16,0.72,0.35,0.32,Non-Prime Members,Amazon Prime Video,Marketing
2022-11,168608.47,40644.64,12235.99,10444.23,7132.49,7067.73,127963.84,91083.4,89520.32,0.76,0.54,0.53,Business Customers,Amazon Web Services (AWS),Sales
2022-11,97812.88,43836.86,16692.03,13283.99,10398.61,8238.35,53976.02,5363.03,3463.44,0.55,0.05,0.04,Business Customers,Amazon Web Services (AWS),Sales
2022-11,143883.71,34544.16,20484.75,12766.42,3957.94,6932.4,109339.54,65198.03,61965.5,0.76,0.45,0.43,International Customers,Amazon Prime Video,Operations
2022-11,182896.66,13544.19,15279.76,10138.71,14124.43,4582.49,169352.47,125227.08,121170.71,0.93,0.68,0.66,International Customers,Amazon Prime Video,Sales
2022-11,142379.48,29505.11,15687.16,2978.62,6979.76,5622.7,112874.37,81606.12,78128.71,0.79,0.57,0.55,Prime Members,Electronics,Marketing
2022-11,84943.92,13105.97,13257.12,3461.16,11483.78,8227.41,71837.95,35408.48,33479.95,0.85,0.42,0.39,International Customers,Amazon Prime Video,Sales
2022-11,53660.12,26301.72,19105.8,2641.02,2264.43,4362.85,27358.4,-1015.7,-2019.48,0.51,-0.02,-0.04,Business Customers,Amazon Web Services (AWS),Sales
2022-11,180514.83,26284.26,26264.36,5347.23,4667.43,4493.09,154230.57,113458.45,109429.85,0.85,0.63,0.61,Prime Members,Electronics,Marketing
2022-11,53190.41,12640.39,10038.21,3763.6,8332.07,1861.21,40550.02,16554.93,11614.1,0.76,0.31,0.22,Prime Members,Electronics,Sales
2022-11,181205.25,23952.82,28360.83,5380.62,13417.28,9231.26,157252.43,100862.44,96622.78,0.87,0.56,0.53,Non-Prime Members,Amazon Prime Video,Marketing
2022-11,129340.57,14439.92,22227.19,7005.75,8854.32,1819.33,114900.65,74994.06,72153.23,0.89,0.58,0.56,International Customers,Amazon Prime Video,Operations
2022-11,190860.15,42329.41,25581.83,14258.78,14088.32,6833.88,148530.75,87767.94,83152.87,0.78,0.46,0.44,Prime Members,Electronics,Sales
2022-11,169817.49,47907.52,18904.77,9934.89,8289.36,4718.75,121909.96,80062.2,77422.81,0.72,0.47,0.46,Business Customers,Amazon Web Services (AWS),Sales
2022-11,199690.12,12892.66,24487.92,12854.66,8375.84,4650.57,186797.46,136428.47,133328.73,0.94,0.68,0.67,Prime Members,Electronics,Marketing
2022-11,102606.77,48204.61,5405.01,11234.57,3556.71,7115.97,54402.16,27089.91,24181.39,0.53,0.26,0.24,Prime Members,Electronics,Marketing
2022-11,165078.24,30903.06,25459.51,3462.54,12434.53,1603.84,134175.18,91214.75,88424.26,0.81,0.55,0.54,Non-Prime Members,Amazon Prime Video,Sales
2022-11,110289.64,21982.63,6003.47,11566.97,5210.55,6343.35,88307.01,59182.67,55081.91,0.8,0.54,0.5,Business Customers,Amazon Web Services (AWS),Sales
2022-11,121981.34,13074.48,27247.83,5576.29,13694.96,7948.29,108906.86,54439.49,51332.42,0.89,0.45,0.42,Business Customers,Amazon Web Services (AWS),AWS
2022-11,144125.82,30024.97,29799.07,10308.4,13840.71,8453.91,114100.85,51698.75,49431.88,0.79,0.36,0.34,International Customers,Amazon Prime Video,Sales
2022-11,181051.57,41780.62,12351.69,6432.51,14263.03,2534.77,139270.95,103688.95,101656.32,0.77,0.57,0.56,Business Customers,Amazon Web Services (AWS),AWS
2022-11,197612.52,38283.46,10257.96,14969.74,8763,9076.77,159329.06,116261.59,115110.6,0.81,0.59,0.58,Prime Members,Electronics,Marketing
2022-11,165241.01,12009.04,24134.08,5426.17,10802.22,6905.31,153231.97,105964.18,102631.4,0.93,0.64,0.62,Business Customers,Amazon Web Services (AWS),Sales
2022-11,112665.02,12916.07,11325.66,5628.7,12120.71,8936.69,99748.94,61737.19,59817.34,0.89,0.55,0.53,Business Customers,Amazon Web Services (AWS),Sales
2022-11,113203.55,26114.93,26639.06,14098.74,3703.19,5367.53,87088.62,37280.1,35687.57,0.77,0.33,0.32,Prime Members,Electronics,Marketing
2022-12,160637.35,21811.62,7571.06,2320.38,9812.44,5878.3,138825.73,113243.54,109628.22,0.86,0.7,0.68,Non-Prime Members,Amazon Prime Video,Sales
2022-12,85816.57,19295.37,8148.88,11056.96,2445.87,9271.34,66521.2,35598.14,31873.31,0.78,0.41,0.37,International Customers,Amazon Prime Video,Sales
2022-12,66571.12,21240.18,29478.79,11429.24,8468.36,9099.19,45330.94,-13144.64,-17153.26,0.68,-0.2,-0.26,International Customers,Amazon Prime Video,Operations
2022-12,103193.32,42139.31,21845.97,12872.92,4012.95,5033.45,61054.01,17288.72,14274.41,0.59,0.17,0.14,Non-Prime Members,Amazon Prime Video,Marketing
2022-12,93085.85,47169.12,26172.18,14667.71,4378,3469.71,45916.73,-2770.88,-7347.1,0.49,-0.03,-0.08,Prime Members,Electronics,Sales
2022-12,94446.22,26204.11,13108.23,14682.82,6745.62,4538.53,68242.11,29166.9,24421.53,0.72,0.31,0.26,International Customers,Amazon Prime Video,Operations
2022-12,85041.16,46244.44,21912.09,2848.6,7621.68,4489.88,38796.72,1924.47,-2305.01,0.46,0.02,-0.03,Non-Prime Members,Amazon Prime Video,Marketing
2022-12,56313.98,22859.83,19856.05,12683.91,10101.24,3581.8,33454.15,-12768.85,-16311.22,0.59,-0.23,-0.29,Non-Prime Members,Amazon Prime Video,Marketing
2022-12,52681.09,29057.48,20078.75,10402.03,2967.57,3417.22,23623.61,-13241.96,-15456.84,0.45,-0.25,-0.29,Non-Prime Members,Amazon Prime Video,Marketing
2022-12,198158.36,19041.16,22063.31,10415.45,8547.99,8749.57,179117.2,129340.88,124409.1,0.9,0.65,0.63,International Customers,Amazon Prime Video,Operations
2022-12,114165.97,35619.04,19383.98,3668.55,4374.13,1628.76,78546.93,49491.52,47394.97,0.69,0.43,0.42,International Customers,Amazon Prime Video,Operations
2022-12,107649,49159.24,15726.56,10452.43,9461.68,7098.5,58489.75,15750.58,13939.95,0.54,0.15,0.13,International Customers,Amazon Prime Video,Sales
2022-12,151947.09,34139.72,11898.07,14772.27,10286.26,2555.38,117807.37,78295.39,75526.77,0.78,0.52,0.5,International Customers,Amazon Prime Video,Sales
2022-12,82738.08,24312.56,24214.53,13853.64,9237.22,4100.55,58425.52,7019.57,5792.21,0.71,0.08,0.07,Business Customers,Amazon Web Services (AWS),AWS
2022-12,192494.18,35912.7,10656.81,7708.7,11597.84,1553.89,156581.48,125064.24,120150.26,0.81,0.65,0.62,Non-Prime Members,Amazon Prime Video,Sales
2022-12,167951.75,14916.83,22308.86,2519.32,6362.92,3429.76,153034.93,118414.06,115060.33,0.91,0.71,0.69,Business Customers,Amazon Web Services (AWS),Sales
2022-12,63411.65,45546.36,10833.32,6709.82,11946.39,7915.79,17865.29,-19540.02,-22767.83,0.28,-0.31,-0.36,Non-Prime Members,Amazon Prime Video,Marketing
2022-12,112637.12,30123.36,20633.25,12743.07,7625.97,8965.14,82513.76,32546.32,28923.13,0.73,0.29,0.26,International Customers,Amazon Prime Video,Sales
2022-12,181867.75,27973.99,23676.96,11119.49,8294.4,2993.74,153893.76,107809.17,104821.07,0.85,0.59,0.58,International Customers,Amazon Prime Video,Sales
2022-12,191709.8,33434.59,10467.85,7971.47,10425.33,5171.93,158275.21,124238.64,123110.38,0.83,0.65,0.64,Business Customers,Amazon Web Services (AWS),AWS
2022-12,120110.23,34991.35,6498.58,2716.32,2238.66,5232.92,85118.87,68432.39,64983.15,0.71,0.57,0.54,Prime Members,Electronics,Sales
2022-12,142011.71,12871.03,8274.34,7549.63,10501.92,8862.18,129140.68,93952.6,90087.9,0.91,0.66,0.63,International Customers,Amazon Prime Video,Sales
2022-12,75055.09,37304.69,20149.92,8097.32,10041.61,7865.19,37750.4,-8403.64,-11070.64,0.5,-0.11,-0.15,Prime Members,Electronics,Marketing
2022-12,198675.29,19677.27,26236.16,14071.22,6028.01,5617.69,178998.03,127044.94,123015.75,0.9,0.64,0.62,Non-Prime Members,Amazon Prime Video,Marketing
2022-12,84750.76,38558.11,6124.92,10334.12,3115.33,7036.72,46192.65,19581.56,17673.55,0.55,0.23,0.21,Business Customers,Amazon Web Services (AWS),AWS
2022-12,191409.77,42901.39,23353.78,6051.49,3182.16,8626.2,148508.37,107294.75,105409.64,0.78,0.56,0.55,Prime Members,Electronics,Sales
2022-12,147447,42158.34,13532.97,8829.14,14001.91,1085.85,105288.66,67838.79,66193.13,0.71,0.46,0.45,Prime Members,Electronics,Marketing
2022-12,141160.52,32100.04,16963.21,2858.72,10960.63,4626.01,109060.48,73651.91,71163.93,0.77,0.52,0.5,International Customers,Amazon Prime Video,Operations
2022-12,126903.28,30806.8,28221.49,14643.39,3652.33,9165.19,96096.48,40414.08,36026.03,0.76,0.32,0.28,Prime Members,Electronics,Marketing
2022-12,84600.47,15715.04,13299.29,6680.78,6637.4,7662.82,68885.43,34605.15,30293.5,0.81,0.41,0.36,Prime Members,Electronics,Sales
2022-12,76479.2,41013.85,16633.42,8212.28,9702.28,5885.57,35465.36,-4968.19,-7499.49,0.46,-0.06,-0.1,Non-Prime Members,Amazon Prime Video,Marketing
2023-01,83072.93,20856.38,5342.06,6618.69,12862.43,5766.8,62216.56,31626.57,28270.1,0.75,0.38,0.34,Business Customers,Amazon Web Services (AWS),AWS
2023-01,77965.74,29867.82,7039.97,10872.65,2567.59,4129.93,48097.92,23487.78,19604.51,0.62,0.3,0.25,International Customers,Amazon Prime Video,Sales
2023-01,166937.67,21370.96,11464.79,10609.02,5076.23,5684.68,145566.71,112731.98,110767.16,0.87,0.68,0.66,International Customers,Amazon Prime Video,Operations
2023-01,102518.79,15353.13,5696.31,11299.19,13566.74,6898.45,87165.65,49704.97,48032.41,0.85,0.48,0.47,Prime Members,Electronics,Marketing
2023-01,58676.4,35182.31,20784.38,5485.86,2119.15,4765.27,23494.09,-9660.57,-14548.96,0.4,-0.16,-0.25,Non-Prime Members,Amazon Prime Video,Marketing
2023-01,195365.39,12173.28,15659.96,6103.69,4618.19,7427.38,183192.11,149382.9,145912.67,0.94,0.76,0.75,Prime Members,Electronics,Sales
2023-01,182567.88,39945.81,18703.63,3628.27,14467.31,8751.09,142622.07,97071.77,92146.11,0.78,0.53,0.5,Prime Members,Electronics,Marketing
2023-01,189162.84,22703.47,9366.18,10521.63,9974.22,2392.16,166459.37,134205.17,131854.15,0.88,0.71,0.7,International Customers,Amazon Prime Video,Operations
2023-01,199236.17,10005.39,12398.3,2517.36,5401.73,5063.92,189230.79,163849.47,160037.34,0.95,0.82,0.8,Prime Members,Electronics,Sales
2023-01,76084.29,30445.17,21595.61,9769.87,2870.88,4672.18,45639.12,6730.57,4840.16,0.6,0.09,0.06,Prime Members,Electronics,Marketing
2023-01,109436.3,11874.08,29132.57,13306.05,2366.49,7187.18,97562.23,45569.94,43525.14,0.89,0.42,0.4,Non-Prime Members,Amazon Prime Video,Marketing
2023-01,163735.77,21046.78,6260.42,13580.82,5181.69,3248.81,142688.99,114417.26,111369.65,0.87,0.7,0.68,International Customers,Amazon Prime Video,Sales
2023-01,154403.09,38279.06,27259.61,7837.49,13459.32,6762.26,116124.03,60805.36,58526.89,0.75,0.39,0.38,Business Customers,Amazon Web Services (AWS),AWS
2023-01,73084.39,12507.58,19422.03,7970.95,7406.88,8897.4,60576.8,16879.54,15209.06,0.83,0.23,0.21,Non-Prime Members,Amazon Prime Video,Sales
2023-01,172374.97,43573.54,19097.99,3000.6,11364.33,4763.18,128801.43,90575.32,88523.8,0.75,0.53,0.51,Non-Prime Members,Amazon Prime Video,Sales
2023-01,83666.09,10152.8,17506.96,10719.95,13937.71,9199.14,73513.29,22149.53,21006.54,0.88,0.26,0.25,Non-Prime Members,Amazon Prime Video,Sales
2023-01,83572.64,19872.95,6734.85,12676.37,7304.53,9938.47,63699.69,27045.46,23227.77,0.76,0.32,0.28,International Customers,Amazon Prime Video,Operations
2023-01,130546.16,39636.16,7246.92,5180.52,4486.61,1954.83,90910,72041.13,69072.66,0.7,0.55,0.53,Prime Members,Electronics,Marketing
2023-01,138940.99,22650.81,20022.8,7476.91,8722.53,3097.48,116290.18,76970.46,75593.49,0.84,0.55,0.54,Business Customers,Amazon Web Services (AWS),AWS
2023-01,137012.93,14075.7,13523.96,12904.91,13805.09,9553.42,122937.24,73149.85,71463.08,0.9,0.53,0.52,International Customers,Amazon Prime Video,Operations
2023-01,63723.03,24409.36,27931.7,13402.57,12456.87,9624.95,39313.67,-24102.42,-25512.55,0.62,-0.38,-0.4,Prime Members,Electronics,Marketing
2023-01,181619.13,20815.73,15164.76,5161.34,2855.79,1879.37,160803.4,135742.14,132291.77,0.89,0.75,0.73,Non-Prime Members,Amazon Prime Video,Sales
2023-01,89840.01,43708.48,8582.04,9157.42,11003.45,1134.99,46131.53,16253.64,14876.8,0.51,0.18,0.17,International Customers,Amazon Prime Video,Sales
2023-01,69427.24,22533.92,22867.97,4502.41,9434.67,2449.9,46893.32,7638.37,3621.24,0.68,0.11,0.05,Prime Members,Electronics,Sales
2023-01,183312.21,41557.3,12333.84,3324.42,13797.02,9964.12,141754.91,102335.52,101253.47,0.77,0.56,0.55,Business Customers,Amazon Web Services (AWS),Sales
2023-01,193347.72,45674.89,18136.76,13844.57,3592.26,2620,147672.84,109479.26,107481.76,0.76,0.57,0.56,Business Customers,Amazon Web Services (AWS),AWS
2023-01,179319.14,27352.7,22445.82,12666.6,8942.47,5522.93,151966.45,102388.63,97825.96,0.85,0.57,0.55,Prime Members,Electronics,Marketing
2023-01,171427.41,46397.73,27506.6,11880.45,13433.02,8635.76,125029.69,63573.85,59699.73,0.73,0.37,0.35,International Customers,Amazon Prime Video,Operations
2023-01,148286.3,25092.72,24804.78,2633.96,7330.31,1183.61,123193.57,87240.91,85949.04,0.83,0.59,0.58,Non-Prime Members,Amazon Prime Video,Marketing
2023-01,132628.61,48563.14,21909.03,12968.47,8265.93,6440.4,84065.47,34481.63,30197.13,0.63,0.26,0.23,Prime Members,Electronics,Marketing
2023-01,63048.01,13571.58,21990.83,7694.57,2915.99,3493.23,49476.43,13381.81,10409.67,0.78,0.21,0.17,Non-Prime Members,Amazon Prime Video,Sales
2023-02,111267.98,37480.77,28648.12,6451.14,5615.87,8761.01,73787.21,24311.08,19923.94,0.66,0.22,0.18,Business Customers,Amazon Web Services (AWS),Sales
2023-02,105903.28,29752.56,12395.6,9104.19,6218.59,3551.15,76150.72,44881.18,41478.22,0.72,0.42,0.39,Prime Members,Electronics,Sales
2023-02,88963.07,25505.95,5027.8,3187.59,14286.59,7180.8,63457.12,33774.33,30047,0.71,0.38,0.34,Business Customers,Amazon Web Services (AWS),Sales
2023-02,158513.02,35308.48,11798.86,11836.41,5674.68,7067.98,123204.54,86826.62,81852.61,0.78,0.55,0.52,Non-Prime Members,Amazon Prime Video,Sales
2023-02,124381.36,38154.28,10447.28,9571.66,7991.29,2993.44,86227.08,55223.4,53294.06,0.69,0.44,0.43,Non-Prime Members,Amazon Prime Video,Sales
2023-02,62156.93,10174.53,21545.86,4425.67,10726.96,1313.19,51982.4,13970.72,10474.93,0.84,0.22,0.17,Prime Members,Electronics,Sales
2023-02,83027.48,16678.12,20842.79,4447.02,4108.38,4683.25,66349.36,32267.92,29426.63,0.8,0.39,0.35,Prime Members,Electronics,Marketing
2023-02,152488.81,38521.84,19836.53,4395.23,8323.75,3602.74,113966.97,77808.72,76650.91,0.75,0.51,0.5,Prime Members,Electronics,Marketing
2023-02,61419.63,36655.42,5406.09,2741.03,11601.01,8280.8,24764.21,-3264.71,-4322.59,0.4,-0.05,-0.07,Business Customers,Amazon Web Services (AWS),Sales
2023-02,177681.04,48641.9,23219.45,9641.38,13269.12,8203.28,129039.14,74705.91,73229,0.73,0.42,0.41,Non-Prime Members,Amazon Prime Video,Sales
2023-02,124271.98,40441.51,13088.26,12924.53,10141.37,5113.22,83830.47,42563.09,38966.73,0.67,0.34,0.31,Non-Prime Members,Amazon Prime Video,Marketing
2023-02,122087.99,48030.91,21626.4,2227.48,10697.7,6458.61,74057.08,33046.9,29778.24,0.61,0.27,0.24,Business Customers,Amazon Web Services (AWS),Sales
2023-02,138861.17,38101.62,18914.46,2637.06,3641.69,6438.34,100759.55,69128.01,65914.29,0.73,0.5,0.47,Prime Members,Electronics,Marketing
2023-02,173702.14,21922.09,13568.27,9446.01,14295.09,8444.42,151780.06,106026.25,104898.83,0.87,0.61,0.6,International Customers,Amazon Prime Video,Sales
2023-02,102171.38,14214.6,8364.41,12653.44,3723.46,4825.02,87956.78,58390.45,55513.24,0.86,0.57,0.54,Prime Members,Electronics,Marketing
2023-02,151702.42,41272.95,7360.47,6247.61,12070.75,3479.02,110429.47,81271.62,76573.13,0.73,0.54,0.5,International Customers,Amazon Prime Video,Operations
2023-02,134859.79,35765.97,25787.96,6544.99,5442.61,3385.31,99093.83,57932.95,55342.59,0.73,0.43,0.41,International Customers,Amazon Prime Video,Sales
2023-02,90054.24,11927.44,27959.94,9752.5,14136.71,5825.73,78126.8,20451.92,16952.23,0.87,0.23,0.19,Business Customers,Amazon Web Services (AWS),AWS
2023-02,181794.5,24402.02,21244.7,5564.77,11359.47,5042.33,157392.48,114181.2,110061.93,0.87,0.63,0.61,Non-Prime Members,Amazon Prime Video,Sales
2023-02,169613.9,48271.99,7585.85,2345.91,11799.58,4961.09,121341.91,94649.48,90513.78,0.72,0.56,0.53,Non-Prime Members,Amazon Prime Video,Sales
2023-02,148767.78,30016.05,15050.68,11557.97,4847.77,1820.24,118751.73,85475.07,82397.95,0.8,0.57,0.55,Non-Prime Members,Amazon Prime Video,Sales
2023-02,177587.26,27309.17,23223.48,10133.45,7759.52,7467.43,150278.09,101694.21,97262.4,0.85,0.57,0.55,Non-Prime Members,Amazon Prime Video,Sales
2023-02,180094.13,28307.98,24495.52,9549.83,10031.57,2923.63,151786.15,104785.59,102220.08,0.84,0.58,0.57,Business Customers,Amazon Web Services (AWS),Sales
2023-02,156254.45,18355.31,7955.47,11641.89,12009.66,2772.58,137899.14,103519.54,98964.77,0.88,0.66,0.63,International Customers,Amazon Prime Video,Operations
2023-02,175552,24748.29,5000.77,10778,3351.47,4714.82,150803.71,126958.65,124997.74,0.86,0.72,0.71,Non-Prime Members,Amazon Prime Video,Sales
2023-02,154620.72,24792.53,22803.43,4676.47,14510.75,3050.01,129828.19,84787.54,82666.68,0.84,0.55,0.53,International Customers,Amazon Prime Video,Operations
2023-02,152021.12,12094.2,13914.9,6582.25,13572.87,6254.72,139926.92,99602.16,98389.68,0.92,0.66,0.65,Business Customers,Amazon Web Services (AWS),AWS
2023-02,142791.71,40702.71,11362.03,3639.43,5514.53,4343.17,102089,77229.83,73047.51,0.71,0.54,0.51,Prime Members,Electronics,Marketing
2023-03,162907.5,26660.18,5322.44,3688.14,12695.88,5040.21,136247.32,109500.65,106832.43,0.84,0.67,0.66,Business Customers,Amazon Web Services (AWS),AWS
2023-03,73790.77,42887.2,18507.49,10790.54,8738.21,5834.52,30903.57,-12967.19,-14883.66,0.42,-0.18,-0.2,Non-Prime Members,Amazon Prime Video,Sales
2023-03,182130.61,44013.92,26278.77,13161.8,8003.48,2831.82,138116.69,87840.82,85913.66,0.76,0.48,0.47,Prime Members,Electronics,Marketing
2023-03,180776.53,18479.76,28940.79,14515.52,6087.64,2401.76,162296.77,110351.04,105745.44,0.9,0.61,0.58,Business Customers,Amazon Web Services (AWS),Sales
2023-03,54387.09,36294.14,19143.62,10168.51,9552.59,8923.8,18092.95,-29695.57,-34031.24,0.33,-0.55,-0.63,Business Customers,Amazon Web Services (AWS),Sales
2023-03,173872.51,28891.27,17861.53,4393.32,11488.56,4903.51,144981.24,106334.32,103120.19,0.83,0.61,0.59,International Customers,Amazon Prime Video,Operations
2023-03,69330.48,45206.27,7126.41,3373.45,7342.13,4708.84,24124.21,1573.38,-1891.07,0.35,0.02,-0.03,Business Customers,Amazon Web Services (AWS),Sales
2023-03,100267.83,18629.63,18721.82,12567.06,10179.85,1320.51,81638.2,38848.96,35951.66,0.81,0.39,0.36,Prime Members,Electronics,Marketing
2023-03,161526.24,37112.53,14499.48,9523.83,11091.07,5481.79,124413.71,83817.54,81250.88,0.77,0.52,0.5,Business Customers,Amazon Web Services (AWS),Sales
2023-03,74113.98,34310.08,20178.38,10037.71,11244.58,5987.53,39803.9,-7644.3,-12306.21,0.54,-0.1,-0.17,Non-Prime Members,Amazon Prime Video,Marketing
2023-03,172695.05,21812.06,14718.16,12159.01,2675.56,6029.57,150882.99,115300.7,113798.25,0.87,0.67,0.66,International Customers,Amazon Prime Video,Sales
2023-03,174820.13,15464.04,11007.48,11142.6,13176.72,7363.28,159356.09,116666.01,113992.22,0.91,0.67,0.65,Prime Members,Electronics,Marketing
2023-03,126120.16,36065.59,7374.13,12847.96,7957.29,2597.34,90054.57,59277.85,56899.6,0.71,0.47,0.45,Prime Members,Electronics,Marketing
2023-03,50957.88,39543.9,12872.96,2730.78,5411.41,3270.01,11413.98,-12871.18,-15863.78,0.22,-0.25,-0.31,Business Customers,Amazon Web Services (AWS),AWS
2023-03,93055.72,22625.09,7416.12,11717.77,5142.94,8296.57,70430.63,37857.22,35026.7,0.76,0.41,0.38,Non-Prime Members,Amazon Prime Video,Sales
2023-03,142539.04,35793.3,9422.42,13061.09,8279.18,9524.54,106745.73,66458.5,63382.95,0.75,0.47,0.44,International Customers,Amazon Prime Video,Sales
2023-03,197177.93,25805.24,29683.4,5719.76,13528.81,2223.39,171372.69,120217.33,118657.65,0.87,0.61,0.6,Prime Members,Electronics,Sales
2023-03,144772.03,38528.28,16102.59,10325.81,6918.52,5478.85,106243.75,67417.99,64365.42,0.73,0.47,0.44,International Customers,Amazon Prime Video,Operations
2023-03,88970.54,17968.61,18296.79,6084.11,11746.43,2927.59,71001.93,31947,29977.33,0.8,0.36,0.34,Business Customers,Amazon Web Services (AWS),Sales
2023-03,145100.86,45608.6,26840.46,14453.62,3258.64,1540.66,99492.26,53398.87,51661.54,0.69,0.37,0.36,Non-Prime Members,Amazon Prime Video,Sales
2023-03,130997.81,21496.38,29889.22,2434.51,8188.74,3929.53,109501.42,65059.43,63800.09,0.84,0.5,0.49,Business Customers,Amazon Web Services (AWS),AWS
2023-03,166976.81,24711.44,19567.86,9537.31,14891.92,2293.19,142265.37,95975.09,91924.48,0.85,0.57,0.55,International Customers,Amazon Prime Video,Operations
2023-03,66047.1,12323.68,25311.85,4164.55,12015.69,7389.4,53723.42,4841.94,2132.17,0.81,0.07,0.03,Business Customers,Amazon Web Services (AWS),Sales
2023-03,164154.19,14460.49,13173.53,11258.86,4736.87,5803.53,149693.7,114720.91,111214.33,0.91,0.7,0.68,International Customers,Amazon Prime Video,Operations
2023-03,131189.99,30634.48,12643.6,4286.57,8518.74,2294.51,100555.51,72812.09,68901.72,0.77,0.56,0.53,Prime Members,Electronics,Marketing
2023-03,194448.8,20703.71,15067.59,5059.98,5037.12,1083.17,173745.09,147497.22,143779.96,0.89,0.76,0.74,Prime Members,Electronics,Sales
2023-03,101280.82,43419.21,21812.68,8426.82,7324.29,8273.41,57861.62,12024.41,9142.41,0.57,0.12,0.09,Business Customers,Amazon Web Services (AWS),Sales
2023-03,144893.28,10587.74,22054.79,13892.85,12141.09,2585.75,134305.55,83631.06,81079.47,0.93,0.58,0.56,Prime Members,Electronics,Sales
2023-03,189804.22,25163.76,12880.99,4752.29,12025.92,6455.95,164640.45,128525.31,126021.47,0.87,0.68,0.66,International Customers,Amazon Prime Video,Sales
2023-03,65376.46,23493.82,8330.25,3875.12,4965.3,4032.3,41882.64,20679.67,17119.47,0.64,0.32,0.26,Prime Members,Electronics,Sales
2023-03,190584.27,10773.11,20809.91,11866.7,13988.9,6269.37,179811.17,126876.29,123897.11,0.94,0.67,0.65,Non-Prime Members,Amazon Prime Video,Marketing
2023-04,153182.86,14974.74,8208.15,8508.05,9703.39,3840.88,138208.12,107947.65,103551.12,0.9,0.7,0.68,Non-Prime Members,Amazon Prime Video,Sales
2023-04,60175.56,26545.71,19462.31,13853.21,6939.02,1782.46,33629.85,-8407.14,-12905.95,0.56,-0.14,-0.21,Business Customers,Amazon Web Services (AWS),Sales
2023-04,95144.54,29714.58,22335.55,3905.99,8525.16,3006.55,65429.95,27656.7,25974.46,0.69,0.29,0.27,Business Customers,Amazon Web Services (AWS),AWS
2023-04,156225.81,26171.59,22515.29,10397.06,9865.93,2692.53,130054.22,84583.42,83038.49,0.83,0.54,0.53,Business Customers,Amazon Web Services (AWS),Sales
2023-04,60102.59,31237.51,23836.8,5027.43,9278.58,4852.17,28865.08,-14129.9,-17651.5,0.48,-0.24,-0.29,Business Customers,Amazon Web Services (AWS),AWS
2023-04,137325.57,33805.27,26821.49,4037.89,8323.27,6924.55,103520.3,57413.11,55208.21,0.75,0.42,0.4,International Customers,Amazon Prime Video,Sales
2023-04,101882.46,10396.95,17498.97,10884.58,8564.13,3374.25,91485.51,51163.57,50089.28,0.9,0.5,0.49,International Customers,Amazon Prime Video,Operations
2023-04,143137.33,28563.81,23256.23,9717.9,4293.35,1108.63,114573.52,76197.41,71642.84,0.8,0.53,0.5,Non-Prime Members,Amazon Prime Video,Marketing
2023-04,56861.31,48539.97,20479.32,11812.76,12565.53,5670.44,8321.34,-42206.7,-44114.31,0.15,-0.74,-0.78,International Customers,Amazon Prime Video,Sales
2023-04,180730.52,30761.29,9666,6023.01,9042.88,6451.84,149969.23,118785.5,114068.38,0.83,0.66,0.63,Prime Members,Electronics,Sales
2023-04,196023.35,37101.69,5642.24,7823.63,3704.04,9665.83,158921.65,132085.91,128216.17,0.81,0.67,0.65,Non-Prime Members,Amazon Prime Video,Marketing
2023-04,195331.68,22474.55,12113.53,7271.13,11960.04,6305.24,172857.12,135207.18,131156.56,0.88,0.69,0.67,Business Customers,Amazon Web Services (AWS),AWS
2023-04,162447.77,40959.66,16075.84,14793.16,14121.77,5240.55,121488.12,71256.79,69450.94,0.75,0.44,0.43,Business Customers,Amazon Web Services (AWS),Sales
2023-04,69512.94,40916.86,20427.65,5799.24,14314.99,6160.61,28596.08,-18106.41,-20043.19,0.41,-0.26,-0.29,International Customers,Amazon Prime Video,Operations
2023-04,163739.48,30851.84,26248.98,5832.62,6797.23,9351.11,132887.64,84657.69,81572.62,0.81,0.52,0.5,Non-Prime Members,Amazon Prime Video,Sales
2023-04,53688.04,49040.55,9906.14,6609.13,3761.72,8455.4,4647.48,-24084.91,-25773.31,0.09,-0.45,-0.48,International Customers,Amazon Prime Video,Operations
2023-04,53318.53,15022.01,8138.74,9339.72,8739.2,3906.81,38296.52,8172.05,5950.33,0.72,0.15,0.11,International Customers,Amazon Prime Video,Sales
2023-04,98541.53,10677.91,29087,5280.2,3463.92,3135.29,87863.63,46897.22,44611.37,0.89,0.48,0.45,International Customers,Amazon Prime Video,Operations
2023-04,123296.48,40806.33,7701.11,13898.77,14141.84,3363.7,82490.15,43384.73,41746.21,0.67,0.35,0.34,Non-Prime Members,Amazon Prime Video,Marketing
2023-04,165561.11,42286.22,16962.28,5453.91,4386.54,5539.79,123274.89,90932.38,89111.65,0.74,0.55,0.54,Business Customers,Amazon Web Services (AWS),AWS
2023-04,152494.31,14808.29,19639.09,13645.6,5285.96,7696.45,137686.02,91418.92,87264.71,0.9,0.6,0.57,Prime Members,Electronics,Marketing
2023-04,116885.41,20623.31,18534.36,3345.18,7286.27,5528.97,96262.09,61567.31,59898.53,0.82,0.53,0.51,Business Customers,Amazon Web Services (AWS),AWS
2023-04,91044,10702.09,7150.8,10535.32,6981.14,1610.17,80341.91,54064.48,52950.65,0.88,0.59,0.58,Non-Prime Members,Amazon Prime Video,Marketing
2023-04,199568.68,21732.34,6425.67,13790.81,12330.62,7512.23,177836.33,137777,134259.58,0.89,0.69,0.67,Business Customers,Amazon Web Services (AWS),Sales
2023-04,113927.2,40925.67,7637.09,4193.74,7932.12,8253.73,73001.52,44984.84,40080.91,0.64,0.39,0.35,Business Customers,Amazon Web Services (AWS),Sales
2023-04,117708.05,30718.42,19639.69,14588.25,4219.99,3605.48,86989.63,44936.22,42611.37,0.74,0.38,0.36,Prime Members,Electronics,Marketing
2023-04,74543.57,23923.82,18608.62,7887.48,5473.73,6977.13,50619.75,11672.78,10198.16,0.68,0.16,0.14,Business Customers,Amazon Web Services (AWS),AWS
2023-04,169221.43,24869.57,10843.52,14294.3,8618.47,4839.33,144351.86,105756.24,102474.69,0.85,0.62,0.61,Business Customers,Amazon Web Services (AWS),Sales
2023-04,154052.33,10054.15,20944.35,10798.66,3916.9,9002.07,143998.19,99336.2,94710.78,0.93,0.64,0.61,Business Customers,Amazon Web Services (AWS),Sales
2023-04,83115.44,21992.02,25501.69,5920.63,9951.52,8607.03,61123.42,11142.55,7006.3,0.74,0.13,0.08,International Customers,Amazon Prime Video,Operations
2023-05,62357.16,35858.35,6039.47,4447.93,9354.71,5728.89,26498.81,927.8,-2562.27,0.42,0.01,-0.04,Non-Prime Members,Amazon Prime Video,Sales
2023-05,152074.9,48967.78,17453.25,5948.56,11291.13,7223.55,103107.12,61190.63,58930.41,0.68,0.4,0.39,Non-Prime Members,Amazon Prime Video,Sales
2023-05,148176.68,43882.43,22232.76,3209.23,14190.16,8950.15,104294.25,55711.96,52544.43,0.7,0.38,0.35,Prime Members,Electronics,Sales
2023-05,90988.93,10943.8,11307.8,3870.28,13859.31,5461.45,80045.13,45546.29,44181.31,0.88,0.5,0.49,International Customers,Amazon Prime Video,Sales
2023-05,192629.53,45942.42,12694.27,3360.59,14298.98,3819.26,146687.11,112514.01,108798.23,0.76,0.58,0.56,International Customers,Amazon Prime Video,Operations
2023-05,72658.68,41327.94,20340.95,7498.27,5181.3,7783,31330.75,-9472.76,-13373.15,0.43,-0.13,-0.18,Business Customers,Amazon Web Services (AWS),Sales
2023-05,114850.22,41215.04,27448.38,12342.52,3710.35,2980.6,73635.18,27153.33,22293.2,0.64,0.24,0.19,Non-Prime Members,Amazon Prime Video,Marketing
2023-05,191542.39,28319.83,25248.11,3837.99,5929.6,4496.78,163222.56,123710.08,121668.49,0.85,0.65,0.64,Prime Members,Electronics,Sales
2023-05,112959.1,25920.21,19578.26,3694.17,13636.11,8791.55,87038.89,41338.81,40264.99,0.77,0.37,0.36,International Customers,Amazon Prime Video,Sales
2023-05,145778.89,22116.63,23255.54,10364.58,14636.7,7519.8,123662.26,67885.65,64703.21,0.85,0.47,0.44,Business Customers,Amazon Web Services (AWS),Sales
2023-05,109639.16,12627.79,14120.56,4563.38,13171.22,4634.3,97011.37,60521.9,56694.74,0.88,0.55,0.52,Prime Members,Electronics,Marketing
2023-05,91132.28,19129.41,21024.14,3268.93,3430.23,2932.7,72002.87,41346.87,37185.24,0.79,0.45,0.41,International Customers,Amazon Prime Video,Operations
2023-05,197596.65,19864.15,16654.54,4169.03,14316.56,4203.72,177732.5,138388.65,136613.7,0.9,0.7,0.69,Prime Members,Electronics,Sales
2023-05,111400.1,29363.08,9748.4,14008.51,7503.65,3556.94,82037.02,47219.51,45172.5,0.74,0.42,0.41,International Customers,Amazon Prime Video,Operations
2023-05,184114.88,39897.78,22543.46,12679.13,2121.03,2584.8,144217.1,104288.68,101238.32,0.78,0.57,0.55,Prime Members,Electronics,Marketing
2023-05,84493.19,28952.39,18911.62,6602.84,7751.12,7690,55540.8,14585.23,12262.82,0.66,0.17,0.15,International Customers,Amazon Prime Video,Sales
2023-05,81965.71,12313.78,13965.54,10525.67,2598.9,3268.63,69651.93,39293.19,34851.14,0.85,0.48,0.43,International Customers,Amazon Prime Video,Sales
2023-05,54670.11,48311.59,27783.48,8984.58,9070.41,5087.51,6358.52,-44567.46,-47462.5,0.12,-0.82,-0.87,Prime Members,Electronics,Marketing
2023-05,147750.02,47708.97,5523.35,10802.62,6401.2,4472.74,100041.05,72841.15,68642.83,0.68,0.49,0.46,International Customers,Amazon Prime Video,Sales
2023-05,105278.95,41407.58,12894.33,10874.72,8154.65,9838.7,63871.37,22108.97,18786.49,0.61,0.21,0.18,International Customers,Amazon Prime Video,Operations
2023-05,179653.74,49653.12,6422.03,10173.54,9971.21,4519.83,130000.62,98914,94821.64,0.72,0.55,0.53,International Customers,Amazon Prime Video,Operations
2023-05,120981.49,31779.29,24163.18,5459.32,13294.41,1719.84,89202.19,44565.44,42234.74,0.74,0.37,0.35,Prime Members,Electronics,Marketing
2023-05,195229.01,48510.73,22552.69,2507.08,10604.72,1808.43,146718.28,109245.36,104919.69,0.75,0.56,0.54,Prime Members,Electronics,Marketing
2023-05,77828.83,13024.2,13283.81,7922.37,7642.64,6316.78,64804.63,29639.03,27540.74,0.83,0.38,0.35,International Customers,Amazon Prime Video,Sales
2023-05,180293.48,24627.23,21891.57,13582.66,12652.56,6394.27,155666.25,101145.18,97960.78,0.86,0.56,0.54,International Customers,Amazon Prime Video,Sales
2023-05,166489.53,19015.25,14898.43,9403.46,13772.57,4768.83,147474.28,104630.98,102774.96,0.89,0.63,0.62,Prime Members,Electronics,Sales
2023-05,165638.28,17833.32,23906.34,12821.08,3556.88,4886.59,147804.95,102634.05,99731.95,0.89,0.62,0.6,Business Customers,Amazon Web Services (AWS),Sales
2023-05,176717.48,15632.12,16354.59,14891.12,8915.13,1485.39,161085.37,119439.14,117166.44,0.91,0.68,0.66,International Customers,Amazon Prime Video,Operations
2023-05,164153.6,34896.55,15306.99,4127.01,5698.66,5648.92,129257.05,98475.48,96408.66,0.79,0.6,0.59,Business Customers,Amazon Web Services (AWS),Sales
2023-05,143933.05,41252.87,28368.25,10993.11,2611.8,5542.66,102680.17,55164.37,50296.43,0.71,0.38,0.35,Prime Members,Electronics,Sales
2023-05,69686.73,33131.94,11271.98,10765.82,10691.11,2345.94,36554.8,1479.95,-160.35,0.52,0.02,0,International Customers,Amazon Prime Video,Sales
2023-06,54878.93,15878.51,8011.18,14739.42,13216.02,1934.55,39000.42,1099.24,-3050.06,0.71,0.02,-0.06,Business Customers,Amazon Web Services (AWS),Sales
2023-06,188127.18,42444.95,19613.58,14812.81,4117.73,2112.15,145682.23,105025.95,100089.29,0.77,0.56,0.53,Prime Members,Electronics,Sales
2023-06,142497.55,35438.19,29233.05,10926.82,12561.38,1909.25,107059.36,52428.86,51349.25,0.75,0.37,0.36,Business Customers,Amazon Web Services (AWS),AWS
2023-06,169480.59,25526.63,14445.98,5166.99,13094.14,6487.37,143953.97,104759.47,100963.36,0.85,0.62,0.6,Non-Prime Members,Amazon Prime Video,Sales
2023-06,122228.35,36965.21,6550.92,12381.23,13886.43,2768.34,85263.14,49676.23,47664.58,0.7,0.41,0.39,Prime Members,Electronics,Sales
2023-06,67596.23,20396.2,13482.63,3391.38,5448.71,3262.87,47200.03,21614.44,20452.49,0.7,0.32,0.3,Non-Prime Members,Amazon Prime Video,Marketing
2023-06,68777.87,23807.69,17648.29,12149.09,13751.39,2562.15,44970.18,-1140.74,-3752.3,0.65,-0.02,-0.05,Prime Members,Electronics,Sales
2023-06,152834.79,46699.43,9048.08,13832.55,6168.62,9620.52,106135.36,67465.6,62724.73,0.69,0.44,0.41,Prime Members,Electronics,Marketing
2023-06,114545.88,21620.18,21452.56,6976.83,9180.39,8691.56,92925.7,46624.36,45577.3,0.81,0.41,0.4,International Customers,Amazon Prime Video,Sales
2023-06,80078.71,28799.53,29943.73,10198.26,2656.6,3074.45,51279.18,5406.13,2054.59,0.64,0.07,0.03,Non-Prime Members,Amazon Prime Video,Marketing
2023-06,123739.18,45605.65,16293.49,7591.86,2570.45,3948.1,78133.54,47729.64,44724.06,0.63,0.39,0.36,Non-Prime Members,Amazon Prime Video,Marketing
2023-06,59631.34,38308.85,13868.21,7690.95,11364.85,2889.04,21322.49,-14490.56,-18984.1,0.36,-0.24,-0.32,Non-Prime Members,Amazon Prime Video,Sales
2023-06,137295.71,12488.13,15017.6,6034.82,7778.24,5426.88,124807.58,90550.03,89214.03,0.91,0.66,0.65,Prime Members,Electronics,Marketing
2023-06,90349.01,15892.12,7878.65,11907.69,5331.8,1176.49,74456.89,48162.25,44436.15,0.82,0.53,0.49,Non-Prime Members,Amazon Prime Video,Marketing
2023-06,169633.87,10313.66,27081.84,14170.3,4475.38,7042.31,159320.2,106550.38,102829.94,0.94,0.63,0.61,Non-Prime Members,Amazon Prime Video,Sales
2023-06,96554.29,35236.87,15370.64,14229.76,10709.4,5708.42,61317.42,15299.2,11622.88,0.64,0.16,0.12,International Customers,Amazon Prime Video,Operations
2023-06,118283.02,27906.94,14681.86,4272.16,2005.22,9087.75,90376.09,60329.1,55559.76,0.76,0.51,0.47,Business Customers,Amazon Web Services (AWS),AWS
2023-06,51743.08,15370.99,21492.26,13371.67,12476.59,2479.53,36372.09,-13447.96,-17740.31,0.7,-0.26,-0.34,Business Customers,Amazon Web Services (AWS),Sales
2023-06,60867.03,48317.36,16050.84,11586.61,3030.24,8236.98,12549.67,-26355,-27522.89,0.21,-0.43,-0.45,Non-Prime Members,Amazon Prime Video,Sales
2023-06,108874.03,31186.39,21205.84,5286.89,4489.36,8127.65,77687.64,38577.91,35693.58,0.71,0.35,0.33,Non-Prime Members,Amazon Prime Video,Sales
2023-06,121990.83,19675.73,6536.16,2874.7,7021.07,2144.63,102315.09,83738.53,81146.72,0.84,0.69,0.67,Non-Prime Members,Amazon Prime Video,Sales
2023-06,140003.08,30024.14,25343.08,5483.96,8303.16,4587.03,109978.94,66261.69,64021.11,0.79,0.47,0.46,Non-Prime Members,Amazon Prime Video,Sales
2023-06,93749.39,37184.81,28512.6,13858.71,6614.94,2531.37,56564.57,5046.96,2241.61,0.6,0.05,0.02,Business Customers,Amazon Web Services (AWS),AWS
2023-06,154247.28,13049.57,21219.13,10231.32,6169.26,3292.48,141197.71,100285.51,97748.74,0.92,0.65,0.63,International Customers,Amazon Prime Video,Operations
2023-06,179018.36,20988.15,28864.15,11373.71,14530.91,3369.22,158030.21,99892.22,97162.89,0.88,0.56,0.54,Prime Members,Electronics,Marketing
2023-06,166977.65,42278.62,8785.81,5342.98,10340.54,6006.13,124699.03,94223.58,89306.53,0.75,0.56,0.53,Non-Prime Members,Amazon Prime Video,Sales
2023-06,55942.82,28386.59,16935.4,11352.05,2304.63,4702.7,27556.23,-7738.55,-9093.08,0.49,-0.14,-0.16,Non-Prime Members,Amazon Prime Video,Marketing
2023-06,122076.04,31863.09,20045.17,2365.58,7592.29,9529.6,90212.96,50680.33,45991.4,0.74,0.42,0.38,Business Customers,Amazon Web Services (AWS),Sales
2023-06,65739.53,27312.64,19543.42,6879.18,13375.11,2137.33,38426.89,-3508.15,-6429.1,0.58,-0.05,-0.1,Non-Prime Members,Amazon Prime Video,Marketing
2023-06,86306.75,11756,15036.54,10147.79,5918.93,9763.23,74550.75,33684.26,30189.29,0.86,0.39,0.35,International Customers,Amazon Prime Video,Sales
2023-07,197999.39,16629.99,13452.11,3899.26,3229.23,3075.75,181369.4,157713.05,153392.32,0.92,0.8,0.77,International Customers,Amazon Prime Video,Sales
2023-07,71374.33,27821.67,8170.6,12699.05,11859,7955.87,43552.67,2868.15,426.3,0.61,0.04,0.01,Non-Prime Members,Amazon Prime Video,Marketing
2023-07,124833.22,18367.42,14793.56,5055.41,9878.18,4050.73,106465.8,72687.93,69966.24,0.85,0.58,0.56,Business Customers,Amazon Web Services (AWS),AWS
2023-07,142723.36,11999.16,9066.52,10479.65,9414.06,2287.73,130724.2,99476.23,96838.16,0.92,0.7,0.68,Non-Prime Members,Amazon Prime Video,Sales
2023-07,155369.75,43745.99,23359.14,7267.56,2696.5,8721,111623.76,69579.56,67080.63,0.72,0.45,0.43,Non-Prime Members,Amazon Prime Video,Marketing
2023-07,133947.3,49247.7,10220.77,9748.57,3826.49,3779.75,84699.6,57124.03,52421.91,0.63,0.43,0.39,Business Customers,Amazon Web Services (AWS),AWS
2023-07,51465.63,41725.71,6464.13,3396.86,10093.14,6929.7,9739.91,-17143.92,-21459.64,0.19,-0.33,-0.42,International Customers,Amazon Prime Video,Sales
2023-07,98969.2,44151.4,18809.15,2219.87,4701.71,6097.99,54817.8,22989.08,21553.08,0.55,0.23,0.22,Prime Members,Electronics,Sales
2023-07,127656.75,19679.09,19880.74,13824.34,8552.91,5245.81,107977.66,60473.86,59041.37,0.85,0.47,0.46,Non-Prime Members,Amazon Prime Video,Sales
2023-07,63179.97,48425.08,26797.83,5505.19,9083.46,5462.38,14754.9,-32093.96,-34805.44,0.23,-0.51,-0.55,International Customers,Amazon Prime Video,Sales
2023-07,102594.04,17877.03,19424.54,12655.8,5685.59,7590.14,84717.01,39360.94,37966.31,0.83,0.38,0.37,Non-Prime Members,Amazon Prime Video,Marketing
2023-07,54980.47,48057.19,13637.02,14991.55,14329.53,1789.96,6923.27,-37824.78,-41301.16,0.13,-0.69,-0.75,Prime Members,Electronics,Sales
2023-07,61786.77,49792.77,25075.3,4748.61,12952.03,7013.63,11994,-37795.56,-39370.33,0.19,-0.61,-0.64,Business Customers,Amazon Web Services (AWS),AWS
2023-07,109538.49,38468.91,18506.97,5447.22,11390.86,9062.31,71069.58,26662.22,23572.73,0.65,0.24,0.22,International Customers,Amazon Prime Video,Operations
2023-07,69907.36,49245.75,6982.01,10617.18,3013.92,1520.09,20661.61,-1471.58,-2500.46,0.3,-0.02,-0.04,Prime Members,Electronics,Marketing
2023-07,135131.13,32781.59,19146.26,14550.83,3379.69,2265.88,102349.54,63006.87,60740.48,0.76,0.47,0.45,Non-Prime Members,Amazon Prime Video,Sales
2023-07,153419.75,20381.67,27700.46,13905.59,8406.16,7449.69,133038.07,75576.18,71867.42,0.87,0.49,0.47,Prime Members,Electronics,Marketing
2023-07,170088,27479.84,14907.82,8537.38,4089.27,4935.53,142608.17,110138.16,107202.01,0.84,0.65,0.63,International Customers,Amazon Prime Video,Sales
2023-07,80022.54,33742.44,12408.15,12336.43,14717.45,4631.94,46280.1,2186.13,-2726.95,0.58,0.03,-0.03,Business Customers,Amazon Web Services (AWS),Sales
2023-07,75122.39,12923.26,8586.74,3764.7,4060.76,2232.7,62199.12,43554.23,39057.81,0.83,0.58,0.52,Non-Prime Members,Amazon Prime Video,Sales
2023-07,65685.18,34893.73,8786.14,14706.7,8337.08,5560.93,30791.45,-6599.4,-9035.68,0.47,-0.1,-0.14,Business Customers,Amazon Web Services (AWS),Sales
2023-07,145464.54,49247.11,15819.29,14536.59,6733.57,2138.91,96217.42,56989.06,55807.12,0.66,0.39,0.38,Business Customers,Amazon Web Services (AWS),AWS
2023-07,155971.36,17604.31,19892,4128.48,10312.02,5289.58,138367.05,98744.97,94362.47,0.89,0.63,0.6,Prime Members,Electronics,Marketing
2023-07,54737.92,41703.8,7015.39,5892.5,3677.47,7872.54,13034.12,-11423.78,-16068.72,0.24,-0.21,-0.29,Prime Members,Electronics,Sales
2023-07,190431.84,46315.95,28489.21,3302.01,7594.11,3324.38,144115.89,101406.16,97123.65,0.76,0.53,0.51,International Customers,Amazon Prime Video,Sales
2023-07,57795.69,47748.06,23878.34,5532.33,5571.17,5327.08,10047.63,-30261.28,-31773.08,0.17,-0.52,-0.55,International Customers,Amazon Prime Video,Sales
2023-07,131194.45,48405.42,19665.6,12607.43,13540.77,9928.14,82789.03,27047.09,22055.43,0.63,0.21,0.17,Business Customers,Amazon Web Services (AWS),Sales
2023-07,156359.08,30858.39,25710.97,6918.1,2527.61,7179.85,125500.69,83164.15,81129.82,0.8,0.53,0.52,International Customers,Amazon Prime Video,Operations
2023-07,180645.37,49092.32,7004.67,3149.16,13878.46,8572.21,131553.05,98948.55,95051.73,0.73,0.55,0.53,Business Customers,Amazon Web Services (AWS),AWS
2023-07,157113.04,40292.41,16920.97,6448.93,12828.92,4733.63,116820.63,75888.18,71256.04,0.74,0.48,0.45,Non-Prime Members,Amazon Prime Video,Sales
2023-07,170259.21,16466.86,20752.33,14757.98,5868.42,7910.75,153792.36,104502.88,102560.13,0.9,0.61,0.6,Business Customers,Amazon Web Services (AWS),AWS
2023-08,100917.53,29076,25716.32,10185.89,12260.78,1364.58,71841.52,22313.95,17680.92,0.71,0.22,0.18,International Customers,Amazon Prime Video,Sales
2023-08,172223.77,38733.25,24586.74,7410.09,2405.78,2106.2,133490.52,96981.71,94743.79,0.78,0.56,0.55,International Customers,Amazon Prime Video,Operations
2023-08,62017.23,19893.61,11926.73,4165,14569.25,2827.64,42123.61,8634.99,3729.34,0.68,0.14,0.06,Business Customers,Amazon Web Services (AWS),Sales
2023-08,184222.5,35624.61,28522,14820.3,8845.73,4617.57,148597.89,91792.29,89667.25,0.81,0.5,0.49,Prime Members,Electronics,Marketing
2023-08,132138.86,36664.02,8108.65,12671.04,5942.65,8611.7,95474.84,60140.8,55327.05,0.72,0.46,0.42,Business Customers,Amazon Web Services (AWS),AWS
2023-08,172594.67,16507.99,26878.34,5659.2,6713.58,4116.39,156086.68,112719.15,111504.98,0.9,0.65,0.65,Business Customers,Amazon Web Services (AWS),AWS
2023-08,117847.74,32603.41,29273.51,2910.89,2863.27,6891.59,85244.33,43305.07,39467.98,0.72,0.37,0.33,Prime Members,Electronics,Marketing
2023-08,146536.65,40865.08,9428.84,2736.13,14861.54,7383.83,105671.58,71261.24,68132.79,0.72,0.49,0.46,Non-Prime Members,Amazon Prime Video,Marketing
2023-08,128960.4,29955.83,23051.65,3564.92,2510.8,6275.64,99004.57,63601.57,60690.06,0.77,0.49,0.47,Prime Members,Electronics,Marketing
2023-08,159738.43,10484.12,6007.14,9549.99,10513.79,4215.18,149254.3,118968.2,117074.23,0.93,0.74,0.73,International Customers,Amazon Prime Video,Operations
2023-08,62244.5,10361.54,15135.57,14073.92,7755.57,6193.48,51882.96,8724.42,4902.03,0.83,0.14,0.08,Prime Members,Electronics,Sales
2023-08,59052.81,24281.17,17907.08,8457.66,14335.91,4080.39,34771.64,-10009.41,-11772.65,0.59,-0.17,-0.2,International Customers,Amazon Prime Video,Sales
2023-08,87065.49,47047.76,19516.13,12958.29,5198,1754.86,40017.72,590.44,-2620.93,0.46,0.01,-0.03,International Customers,Amazon Prime Video,Sales
2023-08,73931.7,19147.07,28398.43,7796.53,8917.13,9935.24,54784.63,-262.69,-2275.67,0.74,0,-0.03,Business Customers,Amazon Web Services (AWS),Sales
2023-08,180767.54,35374.55,21806.27,11211.59,8270.63,2144.64,145392.99,101959.86,97137.38,0.8,0.56,0.54,Business Customers,Amazon Web Services (AWS),AWS
2023-08,82882.1,18883.03,17031.95,11514.35,11137.26,1651.14,63999.06,22664.37,21549.84,0.77,0.27,0.26,Non-Prime Members,Amazon Prime Video,Marketing
2023-08,196379.79,22866.8,25241.88,4261.53,2884.13,8906.78,173512.99,132218.67,130419.76,0.88,0.67,0.66,International Customers,Amazon Prime Video,Operations
2023-08,100534.37,43921.68,28763.32,6695.81,4519.26,3716.51,56612.69,12917.79,10948.54,0.56,0.13,0.11,Business Customers,Amazon Web Services (AWS),Sales
2023-08,77317.69,39154.46,5551.65,10284.93,4789.34,6852.67,38163.23,10684.63,8028.36,0.49,0.14,0.1,International Customers,Amazon Prime Video,Operations
2023-08,168454.78,13815.97,29563.03,2919.06,11595.96,3961.05,154638.81,106599.71,104668.78,0.92,0.63,0.62,Non-Prime Members,Amazon Prime Video,Marketing
2023-08,148806.17,27148.08,7153.3,6700.02,4458.8,4523.09,121658.09,98822.87,95857.47,0.82,0.66,0.64,International Customers,Amazon Prime Video,Sales
2023-08,124729.36,11166.79,25359.67,8952.39,9455.39,3359.02,113562.57,66436.09,61946.23,0.91,0.53,0.5,Non-Prime Members,Amazon Prime Video,Sales
2023-08,133304.53,29235.61,12008.37,14950.92,4798.17,4087.4,104068.93,68224.07,64375.82,0.78,0.51,0.48,Non-Prime Members,Amazon Prime Video,Sales
2023-08,157880.27,36497.36,8304.49,8168.94,13201.12,4696.3,121382.91,87012.05,83692.2,0.77,0.55,0.53,Non-Prime Members,Amazon Prime Video,Marketing
2023-08,84268.21,14740.1,15996.39,12608.74,14248.41,7483.74,69528.11,19190.82,17834.81,0.83,0.23,0.21,Business Customers,Amazon Web Services (AWS),AWS
2023-08,199450.09,21555.4,21098.91,7616.87,8740.41,5603.83,177894.69,134834.67,131058.7,0.89,0.68,0.66,Prime Members,Electronics,Marketing
2023-08,196218.97,25913.47,14523.8,12353.08,6580.02,9492.09,170305.51,127356.53,125690.87,0.87,0.65,0.64,Prime Members,Electronics,Sales
2023-08,147548.85,46781.24,6364.14,9740.39,5042.75,1376.92,100767.61,78243.41,74097.94,0.68,0.53,0.5,Business Customers,Amazon Web Services (AWS),Sales
2023-08,79931.37,49730.2,19986.53,13525.74,2647.15,5527.61,30201.17,-11485.87,-13486.1,0.38,-0.14,-0.17,International Customers,Amazon Prime Video,Operations
2023-08,152034.24,11796.45,27560.08,7342.25,5490.5,6258.02,140237.78,93586.93,90918.73,0.92,0.62,0.6,Business Customers,Amazon Web Services (AWS),AWS
2023-08,60829.76,40440.32,14580.38,9855.96,10505.07,9281.77,20389.44,-23833.74,-26235.62,0.34,-0.39,-0.43,International Customers,Amazon Prime Video,Operations
2023-09,54597.88,24868.96,10408.32,10190.24,8937.02,1442.43,29728.91,-1249.1,-5684.35,0.54,-0.02,-0.1,Non-Prime Members,Amazon Prime Video,Sales
2023-09,88652.43,25698.33,16064.43,7425.98,14272.54,6161.5,62954.11,19029.66,17523.48,0.71,0.21,0.2,Business Customers,Amazon Web Services (AWS),AWS
2023-09,119393.44,40170.6,6209.07,3876.06,7151.6,8682.67,79222.84,53303.45,50040.87,0.66,0.45,0.42,Prime Members,Electronics,Sales
2023-09,180240.88,46737.06,25512.19,3216.27,11020.22,3177.35,133503.82,90577.78,89009.54,0.74,0.5,0.49,International Customers,Amazon Prime Video,Operations
2023-09,159075.36,48037.14,25658.52,2216.73,8361.2,8886.63,111038.22,65915.14,62095.96,0.7,0.41,0.39,Business Customers,Amazon Web Services (AWS),Sales
2023-09,161405.98,33084.9,19700.01,13355.95,8663.49,1171.39,128321.07,85430.24,80809.92,0.8,0.53,0.5,Business Customers,Amazon Web Services (AWS),Sales
2023-09,113824,24284.85,13827.57,5074.17,5481.07,7592.09,89539.15,57564.25,54825.82,0.79,0.51,0.48,International Customers,Amazon Prime Video,Operations
2023-09,101890.25,41501.96,24994.58,4749.59,7914.36,9398.02,60388.29,13331.73,10379.37,0.59,0.13,0.1,Non-Prime Members,Amazon Prime Video,Sales
2023-09,105655.81,20040.06,18867.18,11568.46,8120.2,6914.78,85615.76,40145.14,35435.45,0.81,0.38,0.34,Non-Prime Members,Amazon Prime Video,Marketing
2023-09,198147.43,32562.96,25648.31,6160.21,11186.35,4951.26,165584.47,117638.34,114554.37,0.84,0.59,0.58,Non-Prime Members,Amazon Prime Video,Sales
2023-09,56016.38,24343.14,20786.47,8578.58,14228.32,1403.93,31673.24,-13324.06,-16274.45,0.57,-0.24,-0.29,Non-Prime Members,Amazon Prime Video,Sales
2023-09,180054.72,36265.24,24610.14,4112.64,6281.18,9281.02,143789.48,99504.5,96191.18,0.8,0.55,0.53,International Customers,Amazon Prime Video,Operations
2023-09,136801.31,19615.96,19964.07,14476.69,2548.61,5232.67,117185.35,74963.31,71206.39,0.86,0.55,0.52,Prime Members,Electronics,Marketing
2023-09,115792.31,17663.72,15353.53,13070.56,8451.84,1260.97,98128.6,59991.7,58564.17,0.85,0.52,0.51,Business Customers,Amazon Web Services (AWS),AWS
2023-09,158788.65,46729.56,28948.65,13229.27,9078,7208.39,112059.09,53594.79,49310.34,0.71,0.34,0.31,Business Customers,Amazon Web Services (AWS),Sales
2023-09,123000.34,14072.15,18527.85,7288.06,4189.73,5336.54,108928.19,73586.03,70844.01,0.89,0.6,0.58,Non-Prime Members,Amazon Prime Video,Sales
2023-09,181013.49,30238.32,20127.24,11910.7,11886.04,2119.11,150775.17,104732.09,103442.69,0.83,0.58,0.57,International Customers,Amazon Prime Video,Operations
2023-09,185105.28,18834.11,10512.19,3870.39,14804.08,2928.45,166271.17,134156.06,130011.33,0.9,0.72,0.7,Prime Members,Electronics,Marketing
2023-09,113258.14,11557.2,20641.27,2112.05,14295.07,1580.42,101700.94,63072.14,60564.34,0.9,0.56,0.53,Prime Members,Electronics,Sales
2023-09,91524.17,11440.75,19290.19,2259.65,4562.38,6168.64,80083.42,47802.56,46401.09,0.87,0.52,0.51,Business Customers,Amazon Web Services (AWS),AWS
2023-09,138852.55,17008.87,9620.96,9625.82,13379.72,6598.27,121843.68,82618.91,79083.79,0.88,0.6,0.57,Non-Prime Members,Amazon Prime Video,Sales
2023-09,186854.5,44670.81,6489.68,7920.13,11158.42,5551.68,142183.69,111063.78,106543.25,0.76,0.59,0.57,Business Customers,Amazon Web Services (AWS),Sales
2023-09,81599.33,21299.15,20108.98,8734.2,7900.01,8353.92,60300.18,15203.07,10652.06,0.74,0.19,0.13,Business Customers,Amazon Web Services (AWS),Sales
2023-09,143444.99,48018.37,24092.31,2097.02,9027.94,8749.08,95426.62,51460.27,46629.62,0.67,0.36,0.33,Prime Members,Electronics,Marketing
2023-09,144734.03,33264.89,18085.03,7494.93,13044.8,6540.62,111469.14,66303.76,61832.94,0.77,0.46,0.43,International Customers,Amazon Prime Video,Sales
2023-09,159966.95,27464.57,10669.32,11334.89,8241.75,1114.81,132502.39,101141.62,100133.06,0.83,0.63,0.63,Prime Members,Electronics,Sales
2023-09,69735.15,33203.55,21663.05,7755.02,6851.7,7257.07,36531.6,-6995.23,-9516.2,0.52,-0.1,-0.14,Business Customers,Amazon Web Services (AWS),Sales
2023-09,157373.74,30667.94,7002.64,11518.85,8412.22,4761.99,126705.81,95010.11,90735.94,0.81,0.6,0.58,Non-Prime Members,Amazon Prime Video,Sales
2023-09,186354.88,40351.05,16045.84,5029.25,9528.69,6090.02,146003.83,109310.03,106845.02,0.78,0.59,0.57,Non-Prime Members,Amazon Prime Video,Marketing
2023-09,76952.47,21299.84,9084.17,12570.85,4458.01,6841.73,55652.62,22697.87,19291.68,0.72,0.29,0.25,International Customers,Amazon Prime Video,Sales
2023-10,85631.5,24122.02,9611.48,9649.61,13711.8,4152.13,61509.48,24384.47,20959.2,0.72,0.28,0.24,International Customers,Amazon Prime Video,Operations
2023-10,195709.26,45763.77,10057.35,4739.92,10764.43,9253.89,149945.49,115129.91,112669.8,0.77,0.59,0.58,International Customers,Amazon Prime Video,Operations
2023-10,77146.54,47858.26,14667.68,5077.37,10232.5,2205.77,29288.28,-2895.03,-7512.93,0.38,-0.04,-0.1,Business Customers,Amazon Web Services (AWS),Sales
2023-10,178157.76,45702.33,6278.76,10164.4,3293.45,7043.61,132455.43,105675.23,102662.31,0.74,0.59,0.58,Business Customers,Amazon Web Services (AWS),AWS
2023-10,123841.68,26777.92,14944.84,12789.21,9854.26,1039.24,97063.76,58436.21,55577.07,0.78,0.47,0.45,International Customers,Amazon Prime Video,Sales
2023-10,87084.66,41214.62,17792.69,7403.16,3572.49,9321.86,45870.04,7779.85,2789.79,0.53,0.09,0.03,Non-Prime Members,Amazon Prime Video,Marketing
2023-10,180612.49,29053.43,17082.36,5357.91,3023.07,2012.54,151559.06,124083.19,121109.18,0.84,0.69,0.67,Non-Prime Members,Amazon Prime Video,Marketing
2023-10,116795.79,29901.59,14569.6,13271.15,8855.04,1853.96,86894.19,48344.44,46630.85,0.74,0.41,0.4,Non-Prime Members,Amazon Prime Video,Marketing
2023-10,127222.6,18187.2,25978.67,10700.49,7236.21,3997.07,109035.4,61122.97,58070.69,0.86,0.48,0.46,Business Customers,Amazon Web Services (AWS),Sales
2023-10,103885.01,33645.21,8633.17,7825.11,9654.53,4362.1,70239.79,39764.88,35508.82,0.68,0.38,0.34,Prime Members,Electronics,Marketing
2023-10,138942.63,17445.44,17642.42,8342.7,3159.89,2928.7,121497.19,89423.48,85316.04,0.87,0.64,0.61,Non-Prime Members,Amazon Prime Video,Marketing
2023-10,74528.58,23262.59,6551.04,4655.33,7602.78,6266.09,51265.99,26190.75,22036.42,0.69,0.35,0.3,Non-Prime Members,Amazon Prime Video,Sales
2023-10,108662.23,44201.21,6778.89,10148.43,4272.23,4986.23,64461.02,38275.24,34443.15,0.59,0.35,0.32,Non-Prime Members,Amazon Prime Video,Sales
2023-10,195411.85,18283.03,19346.65,6663.65,14832.3,1307.58,177128.82,134978.64,132961.76,0.91,0.69,0.68,International Customers,Amazon Prime Video,Sales
2023-10,88720.01,12846.33,19150.46,14943.39,9294.95,3876.87,75873.68,28608.01,24159.68,0.86,0.32,0.27,Business Customers,Amazon Web Services (AWS),AWS
2023-10,148510.5,12760.3,26950.84,8242.39,10936.68,8293.9,135750.2,81326.4,76752.62,0.91,0.55,0.52,International Customers,Amazon Prime Video,Operations
2023-10,98778.51,47631.38,18946.84,8316.51,6230.44,7207.31,51147.13,10446.02,8669.41,0.52,0.11,0.09,International Customers,Amazon Prime Video,Operations
2023-10,166020.97,30276.82,28994.78,9356.07,3231.61,7523.84,135744.15,86637.86,85116.04,0.82,0.52,0.51,Prime Members,Electronics,Marketing
2023-10,69631.05,26376.48,6217.37,13917.83,14686.32,7283.05,43254.57,1149.99,-3752.43,0.62,0.02,-0.05,International Customers,Amazon Prime Video,Sales
2023-10,195473.16,42435.14,7450.19,12410.64,5721.37,3798.76,153038.01,123657.06,119183.77,0.78,0.63,0.61,Prime Members,Electronics,Sales
2023-10,118068.43,43433.04,6101.65,7864.69,7509.51,1896.98,74635.39,51262.57,46689.63,0.63,0.43,0.4,International Customers,Amazon Prime Video,Operations
2023-10,85407.57,23287.64,9631.92,11343.09,10448.23,3452.2,62119.93,27244.48,22698.98,0.73,0.32,0.27,Non-Prime Members,Amazon Prime Video,Sales
2023-10,61024.51,37744.72,18531.75,9621.06,2321.06,8486.07,23279.79,-15680.16,-18846.9,0.38,-0.26,-0.31,Business Customers,Amazon Web Services (AWS),AWS
2023-10,75463.69,40844.91,21139.3,8400.77,12533.37,9824.24,34618.77,-17278.91,-20864.52,0.46,-0.23,-0.28,International Customers,Amazon Prime Video,Operations
2023-10,127966.09,36186.03,6139.63,4500.11,8975.52,5444.62,91780.06,66720.19,63538.74,0.72,0.52,0.5,Prime Members,Electronics,Marketing
2023-10,100550.48,16063.8,28649.27,8031.17,5616.82,1087.3,84486.67,41102.1,39897.28,0.84,0.41,0.4,Business Customers,Amazon Web Services (AWS),Sales
2023-10,174332.5,45035.32,26054.13,5195.64,2800.9,2260.4,129297.18,92986.1,89004.09,0.74,0.53,0.51,Prime Members,Electronics,Sales
2023-10,114633.13,31563.78,12415.31,13892.95,4112.48,3898.73,83069.35,48749.88,45728.55,0.72,0.43,0.4,Non-Prime Members,Amazon Prime Video,Marketing
2023-10,87307.14,21298.9,6929.69,6360.29,13635.44,6207.27,66008.24,32875.56,29284.72,0.76,0.38,0.34,International Customers,Amazon Prime Video,Operations
2023-10,142571.75,27009.13,9247.18,14379.43,10918.31,1675.84,115562.62,79341.85,76331.29,0.81,0.56,0.54,Business Customers,Amazon Web Services (AWS),Sales
2023-10,156016.58,11502.84,8173.61,8929.72,5248.72,9490.22,144513.74,112671.47,109704.23,0.93,0.72,0.7,Non-Prime Members,Amazon Prime Video,Sales
2023-11,75056.29,15114.67,8082.09,10210.08,2852.81,4285.75,59941.61,34510.88,32823.72,0.8,0.46,0.44,International Customers,Amazon Prime Video,Sales
2023-11,75142.88,40621.87,17964.04,9058.23,10978,9213.26,34521.01,-12692.51,-14807.37,0.46,-0.17,-0.2,International Customers,Amazon Prime Video,Operations
2023-11,55500.71,10000.47,11146.19,3681.95,9441.3,8024.7,45500.25,13206.12,11570.71,0.82,0.24,0.21,Prime Members,Electronics,Marketing
2023-11,160460.3,26662.63,13953.49,6885.68,7258.75,7798.94,133797.67,97900.81,96118.15,0.83,0.61,0.6,Prime Members,Electronics,Sales
2023-11,149570.68,30900.41,29737.63,3288.9,6726.95,6460.48,118670.27,72456.31,67564.4,0.79,0.48,0.45,Non-Prime Members,Amazon Prime Video,Sales
2023-11,121194.63,12185.38,22107.86,10098.4,4818.59,6641.05,109009.25,65343.36,63730.9,0.9,0.54,0.53,Prime Members,Electronics,Marketing
2023-11,176625.57,48923.13,28724.52,7809.36,10704.95,6742.03,127702.44,73721.58,71644.5,0.72,0.42,0.41,Non-Prime Members,Amazon Prime Video,Sales
2023-11,170850.52,19045.01,8563.91,12113.8,14618.68,6658.49,151805.51,109850.61,106488.26,0.89,0.64,0.62,Non-Prime Members,Amazon Prime Video,Marketing
2023-11,137803.15,22167.95,14553.49,4866.12,4284.3,5983.55,115635.21,85947.75,82507.04,0.84,0.62,0.6,Non-Prime Members,Amazon Prime Video,Marketing
2023-11,180240.69,22157.7,18868.3,4139.36,9762.52,9877.73,158082.99,115435.1,113819.2,0.88,0.64,0.63,Prime Members,Electronics,Sales
2023-11,80876.18,19216.67,6918.95,7282.32,7514.41,7590.62,61659.52,32353.22,28178.35,0.76,0.4,0.35,Business Customers,Amazon Web Services (AWS),Sales
2023-11,66787.94,10058.95,5104.69,14045.61,7806.95,7992.52,56728.99,21779.22,17638.41,0.85,0.33,0.26,Non-Prime Members,Amazon Prime Video,Marketing
2023-11,90462.44,39173.79,21760.86,11235.48,5303.91,8852.17,51288.65,4136.23,2186.96,0.57,0.05,0.02,Business Customers,Amazon Web Services (AWS),AWS
2023-11,58563.03,48673.82,21045.49,7446.01,12726.75,2940.76,9889.21,-34269.8,-36424.46,0.17,-0.59,-0.62,International Customers,Amazon Prime Video,Operations
2023-11,129675.43,18971.74,15269.72,8724.54,8308.32,1754.24,110703.69,76646.87,71894.92,0.85,0.59,0.55,Prime Members,Electronics,Sales
2023-11,190490.85,36521.89,17241.1,3094.77,9064.28,5346.05,153968.97,119222.77,114920.08,0.81,0.63,0.6,Prime Members,Electronics,Marketing
2023-11,55901.53,39675.85,15386.08,14799.49,5961.89,5626.73,16225.68,-25548.5,-29339.69,0.29,-0.46,-0.52,Business Customers,Amazon Web Services (AWS),Sales
2023-11,68316.49,43937.02,5600.13,10663.29,4363.51,8462.64,24379.47,-4710.1,-6039.03,0.36,-0.07,-0.09,International Customers,Amazon Prime Video,Sales
2023-11,117829.85,26905.17,13384.29,5710.25,3116.84,4994.05,90924.69,63719.26,61046.2,0.77,0.54,0.52,International Customers,Amazon Prime Video,Sales
2023-11,190081.25,22117.24,9427.06,9615.51,11283.55,6137.68,167964.02,131500.22,128263.02,0.88,0.69,0.67,Non-Prime Members,Amazon Prime Video,Sales
2023-11,97423.42,23011.81,7460.6,3423.27,4551.05,5743.64,74411.61,53233.05,51483.41,0.76,0.55,0.53,Prime Members,Electronics,Sales
2023-11,126085.22,38504.85,28918.01,14555.88,10970.98,1343.83,87580.37,31791.68,28998.77,0.69,0.25,0.23,International Customers,Amazon Prime Video,Sales
2023-11,56235.93,42671.18,19983.99,4272.2,7074.89,6536.93,13564.75,-24303.28,-27707.38,0.24,-0.43,-0.49,International Customers,Amazon Prime Video,Sales
2023-11,72251.48,17264.56,23216.41,10424.39,7405.07,8452.39,54986.92,5488.66,3179.15,0.76,0.08,0.04,Non-Prime Members,Amazon Prime Video,Marketing
2023-11,197994.52,24837.64,12884.09,5190.91,8099.31,2417.5,173156.88,144565.06,140441.28,0.87,0.73,0.71,Non-Prime Members,Amazon Prime Video,Sales
2023-11,194767.8,46077.61,14828.68,11328.3,6780.21,6348.99,148690.2,109404.02,105042.23,0.76,0.56,0.54,Business Customers,Amazon Web Services (AWS),Sales
2023-11,50741,42267.74,10923.1,12098.68,3308.06,6342.49,8473.26,-24199.08,-26493.51,0.17,-0.48,-0.52,Prime Members,Electronics,Sales
2023-11,192771.77,49394.34,7424.14,10754.46,6025.21,2477.66,143377.43,116695.96,112341.33,0.74,0.61,0.58,International Customers,Amazon Prime Video,Operations
2023-11,145867.99,40169.93,9475.79,9988.49,10628.55,2111.17,105698.06,73494.06,72079.75,0.72,0.5,0.49,Business Customers,Amazon Web Services (AWS),Sales
2023-11,180187.74,25727.81,24937.85,13602.1,10655.2,9820.47,154459.94,95444.32,91093.41,0.86,0.53,0.51,Prime Members,Electronics,Sales
2023-12,118210.98,33625.51,21938.65,3022.15,5720.92,4543.47,84585.46,49360.28,47749.28,0.72,0.42,0.4,Business Customers,Amazon Web Services (AWS),Sales
2023-12,127339.4,36440.57,18673.22,6301.89,7981.33,3046.8,90898.83,54895.59,53563.88,0.71,0.43,0.42,Prime Members,Electronics,Marketing
2023-12,123326.99,13138.23,16877.25,5227.74,4514.81,2541.92,110188.75,81027.04,77459.93,0.89,0.66,0.63,Prime Members,Electronics,Marketing
2023-12,150029.64,31779.88,28060.86,14844.18,4734.84,7008.42,118249.76,63601.47,60713.72,0.79,0.42,0.4,International Customers,Amazon Prime Video,Sales
2023-12,70947.69,38372.83,6818.37,7062.07,2299.61,6485.01,32574.86,9909.79,5278.23,0.46,0.14,0.07,Prime Members,Electronics,Sales
2023-12,54496.04,16692.85,12015.02,11523.97,13657.71,6791.97,37803.19,-6185.47,-8638.23,0.69,-0.11,-0.16,Non-Prime Members,Amazon Prime Video,Marketing
2023-12,96189.49,41225.27,13748.45,10901.43,4739.19,1792.05,54964.22,23783.11,21634.5,0.57,0.25,0.22,International Customers,Amazon Prime Video,Sales
2023-12,155702.11,33350.91,24560.65,4757.06,4957.94,9041.81,122351.2,79033.75,76030.81,0.79,0.51,0.49,Non-Prime Members,Amazon Prime Video,Sales
2023-12,80278.02,48088.87,29812.87,5106.97,5634.82,4503.4,32189.15,-12868.91,-15692.69,0.4,-0.16,-0.2,Business Customers,Amazon Web Services (AWS),Sales
2023-12,151014.87,11696.89,11016.76,5656.7,3656.3,3820.32,139317.97,115167.88,112790.17,0.92,0.76,0.75,Business Customers,Amazon Web Services (AWS),Sales
2023-12,195486.81,20613.05,26857.68,7344.65,10310.42,5161.25,174873.76,125199.75,121424.79,0.89,0.64,0.62,Prime Members,Electronics,Sales
2023-12,64085.11,34062.16,25765.57,5046.23,2976.86,4510.59,30022.95,-8276.3,-12314.54,0.47,-0.13,-0.19,Prime Members,Electronics,Sales
2023-12,150890.32,21862.4,10616.43,2255.47,3744.63,8772.19,129027.92,103639.19,99227.26,0.86,0.69,0.66,Non-Prime Members,Amazon Prime Video,Sales
2023-12,116562.53,38576.97,14983.31,13432.11,10381.84,9363.35,77985.57,29824.96,24933.53,0.67,0.26,0.21,Non-Prime Members,Amazon Prime Video,Marketing
2023-12,180221.34,40360.21,15241.82,14552.93,6415.59,3731.08,139861.13,99919.71,97853.09,0.78,0.55,0.54,Non-Prime Members,Amazon Prime Video,Sales
2023-12,76572.47,14100.64,29455.52,6440.42,11203.32,8775.42,62471.83,6597.15,2732.78,0.82,0.09,0.04,Business Customers,Amazon Web Services (AWS),AWS
2023-12,153893.89,30554.18,9522.3,6400.59,9246.52,8033.71,123339.71,90136.6,87559.56,0.8,0.59,0.57,Non-Prime Members,Amazon Prime Video,Sales
2023-12,175717.29,30355.62,24978.95,2092.19,5328.28,9377.27,145361.67,103584.98,99876.66,0.83,0.59,0.57,International Customers,Amazon Prime Video,Operations
2023-12,191692.13,24771.23,13354.82,10843.26,10460.76,3211.75,166920.9,129050.31,126146.38,0.87,0.67,0.66,International Customers,Amazon Prime Video,Operations
2023-12,152487.2,47316.99,23271.76,12730.72,3511.56,6192.63,105170.21,59463.54,54488.45,0.69,0.39,0.36,Business Customers,Amazon Web Services (AWS),Sales
2023-12,124576.21,43100.25,15500.28,3905.91,8973.33,3470.9,81475.96,49625.54,45709.93,0.65,0.4,0.37,Non-Prime Members,Amazon Prime Video,Sales
2023-12,142677.09,37888.38,19458.99,4075.66,7682.93,8416.85,104788.71,65154.28,60344.31,0.73,0.46,0.42,Non-Prime Members,Amazon Prime Video,Sales
2023-12,180335.75,38573.07,25815.29,12271.08,5482.36,1047.92,141762.68,97146.03,92806.15,0.79,0.54,0.51,Prime Members,Electronics,Marketing
2023-12,135591.46,28468.65,25104.14,10011.78,9852.06,6083.37,107122.82,56071.46,51459.86,0.79,0.41,0.38,International Customers,Amazon Prime Video,Sales
2023-12,54558.06,46839.78,26660.58,2583.19,13327.34,4052.83,7718.28,-38905.66,-43163.33,0.14,-0.71,-0.79,Business Customers,Amazon Web Services (AWS),AWS
2023-12,189642.3,37783.82,6490.43,10093.11,14985.76,3904.15,151858.49,116385.03,113548.39,0.8,0.61,0.6,Non-Prime Members,Amazon Prime Video,Sales
2023-12,153429.01,39159.24,22301.26,6015.93,9900.92,6804.16,114269.77,69247.5,67240.35,0.74,0.45,0.44,Prime Members,Electronics,Marketing
2023-12,151477.01,44467.64,8499.68,6793.43,7261.18,8663.36,107009.37,75791.72,73310.44,0.71,0.5,0.48,Business Customers,Amazon Web Services (AWS),AWS
2023-12,82351.27,20962.86,15395.46,12006.51,4927.69,6482.76,61388.41,22575.99,21495.04,0.75,0.27,0.26,Business Customers,Amazon Web Services (AWS),AWS
2023-12,148832.82,42282.84,18714.71,12542.16,5342.25,8678.56,106549.98,61272.31,58176.34,0.72,0.41,0.39,International Customers,Amazon Prime Video,Operations
2023-12,109079.66,17809.62,15068.49,7204.64,8232.91,3381.37,91270.04,57382.62,54362.39,0.84,0.53,0.5,Non-Prime Members,Amazon Prime Video,Sales
2024-01,147684.95,23813.68,17990.29,14312.99,6774.61,5675.52,123871.27,79117.86,76016.86,0.84,0.54,0.51,Business Customers,Amazon Web Services (AWS),Sales
2024-01,65988.95,23424.42,29913.16,7284.02,13879.59,5054.83,42564.54,-13567.05,-18463.18,0.65,-0.21,-0.28,Prime Members,Electronics,Sales
2024-01,148676.8,49141.02,8380.43,12033.87,6787.84,1104.8,99535.78,71228.83,66583.01,0.67,0.48,0.45,Prime Members,Electronics,Marketing
2024-01,199912.06,44261.49,21886.4,8290.4,6854.78,6011.31,155650.57,112607.68,110960.82,0.78,0.56,0.56,Business Customers,Amazon Web Services (AWS),Sales
2024-01,57231.81,38046.79,14900.02,13667.92,6985.95,6953.72,19185.01,-23322.6,-25798.13,0.34,-0.41,-0.45,Prime Members,Electronics,Sales
2024-01,196576.13,39082.27,8325.24,13800.9,12876.06,6327.23,157493.86,116164.42,113468.6,0.8,0.59,0.58,Business Customers,Amazon Web Services (AWS),AWS
2024-01,111036.19,32482.91,8968.42,3136.42,10460.25,7626.52,78553.28,48361.68,45919.55,0.71,0.44,0.41,Prime Members,Electronics,Marketing
2024-01,180613.02,47883.63,28731.83,14174.41,9984.2,6142.06,132729.39,73696.9,69502.92,0.73,0.41,0.38,Business Customers,Amazon Web Services (AWS),AWS
2024-01,167357.82,29850.35,26990.04,12731.95,6343.86,1600.75,137507.47,89840.87,86744.72,0.82,0.54,0.52,Business Customers,Amazon Web Services (AWS),Sales
2024-01,135052.44,25220.71,27676.05,12287.04,12632.75,2048.01,109831.73,55187.88,51899.48,0.81,0.41,0.38,Business Customers,Amazon Web Services (AWS),AWS
2024-01,160767.38,16521.41,29788.32,4611.85,2498.73,6368.27,144245.97,100978.8,96566.75,0.9,0.63,0.6,Prime Members,Electronics,Sales
2024-01,181777.33,41448.23,10207.88,12466.55,13320.36,3474.81,140329.11,100859.5,96635.79,0.77,0.55,0.53,Business Customers,Amazon Web Services (AWS),AWS
2024-01,110621.05,39377.76,13885.98,13051.73,8665.75,1716.81,71243.29,33923.03,32394.18,0.64,0.31,0.29,International Customers,Amazon Prime Video,Sales
2024-01,99054.97,25374.2,21730.48,5758.95,7177.25,4866.42,73680.77,34147.66,30292.01,0.74,0.34,0.31,Business Customers,Amazon Web Services (AWS),Sales
2024-01,150139.01,11007.74,17095.06,14379.38,8463.17,5988.9,139131.27,93204.75,90463,0.93,0.62,0.6,Non-Prime Members,Amazon Prime Video,Marketing
2024-01,171176.89,43559.89,15459.74,2648.18,10676.4,3958.71,127617,94873.96,92695.37,0.75,0.55,0.54,Non-Prime Members,Amazon Prime Video,Sales
2024-01,164342.77,10456.72,13945.28,3948.82,2165.95,7483.9,153886.05,126342.1,125142.02,0.94,0.77,0.76,International Customers,Amazon Prime Video,Sales
2024-01,169672.05,38147.99,19844.52,8988.55,13330.17,6793.94,131524.06,82566.88,79617.88,0.78,0.49,0.47,Business Customers,Amazon Web Services (AWS),AWS
2024-01,115337.5,48810.28,19389.84,9485.3,7807.61,3995.37,66527.21,25849.1,23427.35,0.58,0.22,0.2,Non-Prime Members,Amazon Prime Video,Sales
2024-01,172675.13,27506.45,9036.45,10386.95,6458.56,7793.85,145168.68,111492.86,109486.81,0.84,0.65,0.63,Business Customers,Amazon Web Services (AWS),AWS
2024-01,68031.36,19398.94,16793.5,2220.6,3797.19,6838.26,48632.42,18982.88,15204.19,0.71,0.28,0.22,Non-Prime Members,Amazon Prime Video,Marketing
2024-01,131673.36,38194.84,18836.79,14484.77,7713.05,6737.01,93478.52,45706.9,41628.96,0.71,0.35,0.32,Prime Members,Electronics,Marketing
2024-01,50863.8,42685.13,19257.17,2579.65,8452.2,5980.85,8178.67,-28091.19,-30070.35,0.16,-0.55,-0.59,Prime Members,Electronics,Sales
2024-01,98687.87,31857.21,10252.68,3859.81,7247.41,1102.51,66830.66,44368.26,43170.47,0.68,0.45,0.44,International Customers,Amazon Prime Video,Operations
2024-01,104969.23,48681.41,23556.78,2182.19,10822.58,7268.56,56287.82,12457.7,8062.69,0.54,0.12,0.08,International Customers,Amazon Prime Video,Operations
2024-01,109425.9,12066.75,5629.98,9369.16,7471.65,4384.38,97359.15,70503.99,69464.15,0.89,0.64,0.63,Business Customers,Amazon Web Services (AWS),AWS
2024-01,154320.08,30191.82,13870.8,14119.47,14498.43,9483.49,124128.26,72156.08,67407.63,0.8,0.47,0.44,International Customers,Amazon Prime Video,Operations
2024-01,108283.72,38738.16,24505.32,10657.31,9790.61,8361.86,69545.56,16230.46,12719.98,0.64,0.15,0.12,Business Customers,Amazon Web Services (AWS),Sales
2024-01,117304.04,44505.62,19097.32,12694.55,12497.21,6289.25,72798.42,22220.09,19932.7,0.62,0.19,0.17,Prime Members,Electronics,Marketing
2024-01,85631.62,17170.22,11529.06,2172.66,3421.63,3269.64,68461.4,48068.41,46082.5,0.8,0.56,0.54,Prime Members,Electronics,Marketing
2024-01,105987.77,42000.14,22373.83,9046.2,7164.79,2833.46,63987.63,22569.36,21533.34,0.6,0.21,0.2,Non-Prime Members,Amazon Prime Video,Sales
2024-02,84090.44,32108.28,19184.77,7974.32,6379.02,4063.46,51982.16,14380.59,12438.7,0.62,0.17,0.15,Business Customers,Amazon Web Services (AWS),Sales
2024-02,60979.39,25862.15,24906.09,8486.58,9403.27,5289.11,35117.24,-12967.81,-14518.73,0.58,-0.21,-0.24,Prime Members,Electronics,Marketing
2024-02,140517.29,15268.6,23375.63,2938.77,13194.48,3664.59,125248.69,82075.22,78626.56,0.89,0.58,0.56,Prime Members,Electronics,Marketing
2024-02,150231.92,44611.83,20252.7,10897.66,3018.4,5634.37,105620.09,65816.97,64150.79,0.7,0.44,0.43,Business Customers,Amazon Web Services (AWS),AWS
2024-02,142923.55,16290.93,17204.44,8541.87,2943.47,2488.33,126632.62,95454.51,92339.99,0.89,0.67,0.65,Non-Prime Members,Amazon Prime Video,Marketing
2024-02,119524.11,22391.51,8329.55,11946.94,13054.13,9799.42,97132.59,54002.56,50642.09,0.81,0.45,0.42,Non-Prime Members,Amazon Prime Video,Marketing
2024-02,106967.87,21601.82,11533.33,8308.78,4767.05,1971.32,85366.05,58785.57,56593.4,0.8,0.55,0.53,Non-Prime Members,Amazon Prime Video,Marketing
2024-02,179500.05,44856.56,15477.49,3941.96,10693.79,9387.5,134643.49,95142.75,94002.49,0.75,0.53,0.52,Non-Prime Members,Amazon Prime Video,Sales
